timestamp,bid_price,bid_size,ask_price,ask_size,market_id
2025-09-15T22:56:16.754596,4510.49,7.8173,4510.51,0.1637,0
2025-09-15T22:56:16.756711,4510.49,7.8173,4510.51,0.1637,0
2025-09-15T22:56:16.758566,4510.49,7.8173,4510.51,0.1637,0
2025-09-15T22:56:16.762752,4510.49,7.8173,4510.52,0.7643,0
2025-09-15T22:56:16.764336,4510.49,7.8173,4510.52,0.7643,0
2025-09-15T22:56:16.765880,4510.49,7.8173,4510.52,0.7643,0
2025-09-15T22:56:16.767831,4510.49,7.8173,4510.52,0.7643,0
2025-09-15T22:56:16.769535,4510.49,0.6674,4510.52,0.7643,0
2025-09-15T22:56:16.780510,4510.49,0.6674,4510.52,0.7643,0
2025-09-15T22:56:16.781953,4510.14,5.6255,4510.52,0.7643,0
2025-09-15T22:56:16.784004,4510.14,5.6255,4510.52,0.7643,0
2025-09-15T22:56:16.785597,4510.14,5.6255,4510.52,0.7643,0
2025-09-15T22:56:16.787274,4510.14,5.6255,4510.58,0.6679,0
2025-09-15T22:56:16.788878,4510.14,5.6255,4510.58,0.6679,0
2025-09-15T22:56:16.791127,4510.14,5.6255,4510.58,0.6679,0
2025-09-15T22:56:16.794873,4510.14,5.6255,4510.58,0.6679,0
2025-09-15T22:56:16.797047,4510.14,5.6255,4510.58,0.6679,0
2025-09-15T22:56:16.799129,4510.14,5.6255,4510.58,0.6679,0
2025-09-15T22:56:16.801517,4510.14,5.6255,4510.58,0.6679,0
2025-09-15T22:56:16.803866,4510.14,5.6255,4510.58,0.6679,0
2025-09-15T22:56:16.806370,4510.14,5.6255,4510.58,0.6679,0
2025-09-15T22:56:16.808968,4510.14,5.6255,4510.58,0.6679,0
2025-09-15T22:56:16.812626,4510.14,5.6255,4510.58,0.6679,0
2025-09-15T22:56:16.815030,4510.14,5.6255,4510.58,0.6679,0
2025-09-15T22:56:16.818083,4510.14,5.6255,4510.58,0.6679,0
2025-09-15T22:56:16.820046,4510.14,5.6255,4511.79,31.5583,0
2025-09-15T22:56:16.822307,4510.14,5.6255,4511.79,31.5583,0
2025-09-15T22:56:16.824747,4510.14,5.6255,4511.79,31.5583,0
2025-09-15T22:56:16.828095,4510.14,5.6255,4511.79,31.5583,0
2025-09-15T22:56:16.841857,4510.14,5.6255,4511.79,31.5583,0
2025-09-15T22:56:16.848268,4510.14,5.6255,4511.79,31.5583,0
2025-09-15T22:56:16.852747,4510.14,5.6255,4511.79,31.5583,0
2025-09-15T22:56:16.854889,4510.14,5.6255,4511.79,31.5583,0
2025-09-15T22:56:16.858793,4510.14,5.6255,4511.79,31.5583,0
2025-09-15T22:56:16.863825,4510.14,5.6255,4511.79,31.5583,0
2025-09-15T22:56:16.865921,4510.14,5.6255,4511.79,31.5583,0
2025-09-15T22:56:16.870251,4510.14,5.6255,4511.79,31.5583,0
2025-09-15T22:56:16.879451,4510.14,5.6255,4511.79,31.5583,0
2025-09-15T22:56:16.884190,4510.14,5.6255,4511.79,31.5583,0
2025-09-15T22:56:16.888026,4510.14,5.6255,4511.79,31.5583,0
2025-09-15T22:56:16.890346,4510.14,5.6255,4511.79,31.5583,0
2025-09-15T22:56:16.891894,4510.14,5.6255,4511.79,31.5583,0
2025-09-15T22:56:16.897689,4510.14,5.6255,4511.79,31.5583,0
2025-09-15T22:56:17.044650,4510.14,5.6255,4511.79,31.5583,0
2025-09-15T22:56:17.051142,4510.14,5.6255,4511.79,31.5583,0
2025-09-15T22:56:17.057425,4510.14,5.6255,4511.79,31.5583,0
2025-09-15T22:56:17.064166,4510.14,5.6255,4511.79,31.5583,0
2025-09-15T22:56:17.067637,4510.14,5.6255,4511.79,31.5583,0
2025-09-15T22:56:17.073188,4510.14,5.6255,4511.79,31.5583,0
2025-09-15T22:56:17.075428,4510.14,5.6255,4511.79,31.5583,0
2025-09-15T22:56:17.080088,4510.14,5.6255,4511.79,31.5583,0
2025-09-15T22:56:17.082135,4510.14,5.6255,4511.79,31.5583,0
2025-09-15T22:56:17.084450,4510.14,5.6255,4511.79,31.5583,0
2025-09-15T22:56:17.086502,4510.14,5.6255,4511.79,31.5583,0
2025-09-15T22:56:17.091003,4510.14,5.6255,4511.79,31.5583,0
2025-09-15T22:56:17.094704,4510.14,5.6255,4511.79,31.5583,0
2025-09-15T22:56:17.096835,4510.14,5.6255,4511.79,31.5583,0
2025-09-15T22:56:17.099066,4510.14,5.6255,4511.79,31.5583,0
2025-09-15T22:56:17.103026,4510.14,5.6255,4511.79,31.5583,0
2025-09-15T22:56:17.105078,4510.14,5.6255,4511.79,31.5583,0
2025-09-15T22:56:17.108742,4510.14,5.6255,4511.79,31.5583,0
2025-09-15T22:56:17.112720,4510.14,5.6255,4511.8,0.0457,0
2025-09-15T22:56:17.124246,4510.14,5.6255,4511.8,0.0457,0
2025-09-15T22:56:17.128902,4510.14,5.6255,4511.8,0.0457,0
2025-09-15T22:56:17.130681,4510.14,5.6255,4511.8,0.0457,0
2025-09-15T22:56:17.134719,4510.14,5.6255,4511.8,0.0457,0
2025-09-15T22:56:17.138685,4510.14,5.6255,4511.8,0.0457,0
2025-09-15T22:56:17.140505,4510.14,5.6255,4511.8,0.0457,0
2025-09-15T22:56:17.147054,4510.14,5.6255,4511.8,0.0457,0
2025-09-15T22:56:17.148993,4510.14,5.6255,4511.8,0.0457,0
2025-09-15T22:56:17.153221,4510.14,5.6255,4511.8,0.0457,0
2025-09-15T22:56:17.156942,4510.14,5.6255,4511.8,0.0457,0
2025-09-15T22:56:17.159161,4510.14,5.6255,4511.8,0.0457,0
2025-09-15T22:56:17.164692,4510.14,5.6255,4511.8,0.0457,0
2025-09-15T22:56:17.167378,4510.14,5.6255,4511.8,0.0457,0
2025-09-15T22:56:17.169439,4510.14,5.6255,4511.8,0.0457,0
2025-09-15T22:56:17.173292,4510.14,5.6255,4511.8,0.0457,0
2025-09-15T22:56:17.175138,4510.14,5.6255,4511.8,0.0457,0
2025-09-15T22:56:17.178891,4510.14,5.6255,4511.8,0.0457,0
2025-09-15T22:56:17.180747,4510.14,5.6255,4511.8,0.0457,0
2025-09-15T22:56:17.183249,4510.14,5.6255,4511.8,0.0457,0
2025-09-15T22:56:17.185387,4510.14,5.6255,4511.8,0.0457,0
2025-09-15T22:56:17.191675,4510.14,5.6255,4511.8,0.0457,0
2025-09-15T22:56:17.194578,4510.14,5.6255,4511.8,0.0457,0
2025-09-15T22:56:17.210812,4510.14,5.6255,4511.8,0.0457,0
2025-09-15T22:56:17.212966,4510.14,5.6255,4511.8,0.0457,0
2025-09-15T22:56:17.218130,4510.14,5.6255,4511.8,0.0457,0
2025-09-15T22:56:17.220235,4510.14,5.6255,4511.8,0.0457,0
2025-09-15T22:56:17.222625,4510.14,5.6255,4511.8,0.0457,0
2025-09-15T22:56:17.224706,4510.14,5.6255,4511.8,0.0457,0
2025-09-15T22:56:17.230824,4510.14,5.6255,4511.8,0.0457,0
2025-09-15T22:56:17.233114,4510.14,5.6255,4511.8,0.0457,0
2025-09-15T22:56:17.237471,4510.14,5.6255,4511.8,0.0457,0
2025-09-15T22:56:17.242372,4510.14,5.6255,4511.8,0.0457,0
2025-09-15T22:56:17.247880,4510.14,5.6255,4511.8,0.0457,0
2025-09-15T22:56:17.251927,4510.14,5.6255,4511.8,0.0457,0
2025-09-15T22:56:17.253984,4510.14,5.6255,4511.8,0.0457,0
2025-09-15T22:56:17.256107,4510.14,5.6255,4511.8,0.0457,0
2025-09-15T22:56:17.258190,4510.14,5.6255,4511.8,0.0457,0
2025-09-15T22:56:17.262012,4510.14,5.6255,4511.8,0.0457,0
2025-09-15T22:56:17.268346,4510.14,5.6255,4511.8,0.0457,0
2025-09-15T22:56:17.272750,4510.14,5.6255,4511.8,0.0457,0
2025-09-15T22:56:17.278231,4510.14,5.6255,4511.8,0.0457,0
2025-09-15T22:56:17.280677,4510.14,5.6255,4511.8,0.0457,0
2025-09-15T22:56:17.284554,4510.14,5.6255,4511.8,0.0457,0
2025-09-15T22:56:17.289433,4510.14,5.6255,4511.8,0.0457,0
2025-09-15T22:56:17.294964,4510.14,5.6255,4511.8,0.0457,0
2025-09-15T22:56:17.297255,4510.14,5.6255,4511.8,0.0457,0
2025-09-15T22:56:17.299452,4510.14,5.6255,4511.8,0.0457,0
2025-09-15T22:56:17.303982,4510.14,5.6255,4511.8,0.0457,0
2025-09-15T22:56:17.306201,4510.14,5.6255,4511.8,0.0457,0
2025-09-15T22:56:17.311545,4510.14,5.6255,4511.8,0.0457,0
2025-09-15T22:56:17.315328,4510.14,5.6255,4511.8,0.0457,0
2025-09-15T22:56:17.317749,4510.14,5.6255,4511.8,0.0457,0
2025-09-15T22:56:17.320153,4510.14,5.6255,4511.8,0.0457,0
2025-09-15T22:56:17.325585,4510.14,5.6255,4511.8,0.0457,0
2025-09-15T22:56:17.329732,4510.14,5.6255,4511.8,0.0457,0
2025-09-15T22:56:17.348984,4510.14,5.6255,4511.8,0.0457,0
2025-09-15T22:56:17.354095,4510.14,5.6255,4511.8,0.0457,0
2025-09-15T22:56:17.367986,4510.14,5.6255,4511.8,0.0457,0
2025-09-15T22:56:17.375750,4510.14,5.6255,4511.8,0.0457,0
2025-09-15T22:56:17.380246,4510.14,5.6255,4511.8,0.0457,0
2025-09-15T22:56:17.387251,4510.14,5.6255,4511.8,0.0457,0
2025-09-15T22:56:17.399581,4510.14,5.6255,4511.8,0.0457,0
2025-09-15T22:56:17.402358,4510.14,5.6255,4511.8,0.0457,0
2025-09-15T22:56:17.408306,4510.14,5.6255,4511.8,0.0457,0
2025-09-15T22:56:17.417296,4510.14,5.6255,4511.8,0.0457,0
2025-09-15T22:56:17.423231,4510.14,5.6255,4511.8,0.0457,0
2025-09-15T22:56:17.430968,4510.14,5.6255,4511.8,0.0457,0
2025-09-15T22:56:17.434834,4510.14,5.6255,4511.8,0.0457,0
2025-09-15T22:56:17.446128,4510.14,5.6255,4511.8,0.0457,0
2025-09-15T22:56:17.499962,4510.14,5.6255,4511.8,0.0457,0
2025-09-15T22:56:17.535392,4510.14,5.6255,4511.8,0.0457,0
2025-09-15T22:56:17.537848,4510.14,5.6255,4511.8,0.0457,0
2025-09-15T22:56:17.553551,4510.14,5.6255,4511.8,0.0457,0
2025-09-15T22:56:17.560968,4510.14,5.6255,4511.8,0.0457,0
2025-09-15T22:56:17.577354,4510.14,5.6255,4511.8,0.0457,0
2025-09-15T22:56:17.698599,4510.14,5.6255,4511.8,0.0457,0
2025-09-15T22:56:17.706086,4510.14,5.6255,4511.8,0.0457,0
2025-09-15T22:56:17.715116,4510.14,5.6255,4511.8,0.0457,0
2025-09-15T22:56:17.719050,4510.14,5.6255,4511.8,0.0457,0
2025-09-15T22:56:17.769843,4510.14,5.6255,4511.8,0.0457,0
2025-09-15T22:56:17.772940,4510.14,5.6255,4511.8,0.0457,0
2025-09-15T22:56:17.779555,4510.14,5.6255,4511.8,0.0457,0
2025-09-15T22:56:17.785186,4510.14,5.6255,4511.8,0.0457,0
2025-09-15T22:56:17.802691,4510.14,5.6255,4511.8,0.0457,0
2025-09-15T22:56:17.807659,4510.14,5.6255,4511.8,0.0457,0
2025-09-15T22:56:17.819742,4510.14,5.6255,4511.8,0.0457,0
2025-09-15T22:56:17.837542,4510.14,5.6255,4511.8,0.0457,0
2025-09-15T22:56:17.863609,4510.14,5.6255,4511.8,0.0457,0
2025-09-15T22:56:17.871146,4510.14,5.6255,4511.8,0.0457,0
2025-09-15T22:56:17.879180,4510.14,5.6255,4511.8,0.0457,0
2025-09-15T22:56:17.882604,4510.14,5.6255,4511.8,0.0457,0
2025-09-15T22:56:17.888885,4510.14,5.6255,4511.8,0.0457,0
2025-09-15T22:56:17.894717,4510.14,5.6255,4511.8,0.0457,0
2025-09-15T22:56:17.930223,4510.14,5.6255,4511.8,0.0457,0
2025-09-15T22:56:17.933433,4510.14,5.6255,4511.8,0.0457,0
2025-09-15T22:56:17.935531,4510.14,5.6255,4511.8,0.0457,0
2025-09-15T22:56:17.955326,4510.14,5.6255,4511.8,0.0457,0
2025-09-15T22:56:17.958406,4510.14,5.6255,4511.8,0.0457,0
2025-09-15T22:56:17.968020,4510.14,5.6255,4511.8,0.0457,0
2025-09-15T22:56:17.974591,4510.14,5.6255,4511.8,0.0457,0
2025-09-15T22:56:18.057257,4510.14,5.6255,4511.8,0.0457,0
2025-09-15T22:56:18.060331,4510.14,5.6255,4511.8,0.0457,0
2025-09-15T22:56:18.068128,4510.14,5.6255,4511.8,0.0457,0
2025-09-15T22:56:18.088861,4510.14,5.6255,4511.8,0.0457,0
2025-09-15T22:56:18.096012,4510.14,5.6255,4511.8,0.0457,0
2025-09-15T22:56:18.125444,4510.14,5.6255,4511.8,0.0457,0
2025-09-15T22:56:18.223510,4510.14,5.6255,4511.8,0.0457,0
2025-09-15T22:56:18.274360,4510.14,5.6255,4511.8,0.0457,0
2025-09-15T22:56:18.363936,4510.14,5.6255,4511.8,0.0457,0
2025-09-15T22:56:18.549124,4510.14,5.6255,4511.8,0.0457,0
2025-09-15T22:56:18.562310,4510.14,5.6255,4511.8,0.0457,0
2025-09-15T22:56:18.571384,4510.14,5.6255,4511.8,0.0457,0
2025-09-15T22:56:18.613080,4510.14,5.6255,4511.8,0.0457,0
2025-09-15T22:56:18.623819,4510.14,5.6255,4511.8,0.0457,0
2025-09-15T22:56:18.628610,4510.14,5.6255,4511.8,0.0457,0
2025-09-15T22:56:18.685326,4510.14,5.6255,4511.8,0.0457,0
2025-09-15T22:56:18.695979,4510.14,5.6255,4511.8,0.0457,0
2025-09-15T22:56:18.718218,4510.14,5.6255,4511.8,0.0457,0
2025-09-15T22:56:18.735285,4510.14,5.6255,4511.8,0.0457,0
2025-09-15T22:56:18.748345,4510.14,5.6255,4511.8,0.0457,0
2025-09-15T22:56:18.766354,4510.14,5.6255,4511.8,0.0457,0
2025-09-15T22:56:18.787162,4510.14,5.6255,4511.8,0.0457,0
2025-09-15T22:56:18.803523,4510.14,5.6255,4511.8,0.0457,0
2025-09-15T22:56:18.828942,4510.14,5.6255,4511.8,0.0457,0
2025-09-15T22:56:18.836241,4510.14,5.6255,4511.8,0.0457,0
2025-09-15T22:56:18.867945,4510.14,5.6255,4511.8,0.0457,0
2025-09-15T22:56:18.875599,4510.14,5.6255,4511.8,0.0457,0
2025-09-15T22:56:18.890358,4510.14,5.6255,4511.8,0.0457,0
2025-09-15T22:56:18.921779,4510.14,5.6255,4511.8,0.0457,0
2025-09-15T22:56:18.930789,4510.14,5.6255,4511.8,0.0457,0
2025-09-15T22:56:18.949694,4510.14,5.6255,4511.8,0.0457,0
2025-09-15T22:56:18.964373,4510.14,5.6255,4511.8,0.0457,0
2025-09-15T22:56:18.985290,4510.14,5.6255,4511.8,0.0457,0
2025-09-15T22:56:18.998844,4510.14,5.6255,4511.8,0.0457,0
2025-09-15T22:56:19.016419,4510.14,5.6255,4511.8,0.0457,0
2025-09-15T22:56:19.028329,4510.14,5.6255,4511.8,0.0457,0
2025-09-15T22:56:19.091844,4510.14,5.6255,4511.8,0.0457,0
2025-09-15T22:56:19.097892,4510.14,5.6255,4511.8,0.0457,0
2025-09-15T22:56:19.101655,4510.14,5.6255,4511.8,0.0457,0
2025-09-15T22:56:19.151540,4510.14,5.6255,4511.8,0.0457,0
2025-09-15T22:56:19.155841,4510.14,5.6255,4511.8,0.0457,0
2025-09-15T22:56:19.162957,4510.14,5.6255,4511.8,0.0457,0
2025-09-15T23:04:55.376928,4509.2,0.6585,4509.51,11.7864,0
2025-09-15T23:04:55.378329,4509.2,0.6585,4509.51,11.7864,0
2025-09-15T23:04:55.379567,4509.2,0.6585,4509.51,11.7864,0
2025-09-15T23:04:55.380850,4509.2,0.6585,4509.51,11.7864,0
2025-09-15T23:04:55.975828,4509.2,0.6585,4509.51,11.7864,0
2025-09-15T23:04:55.986729,4509.2,0.6585,4509.51,11.7864,0
2025-09-15T23:04:56.004760,4509.2,0.6585,4509.51,11.7864,0
2025-09-15T23:04:56.007269,4509.2,0.6585,4509.51,11.7864,0
2025-09-15T23:04:56.008367,4509.2,0.6585,4509.51,11.7864,0
2025-09-15T23:04:56.009527,4509.2,0.6585,4509.51,11.7864,0
2025-09-15T23:04:56.014100,4509.2,0.6585,4509.51,11.7864,0
2025-09-15T23:04:56.019444,4509.2,0.6585,4509.51,11.7864,0
2025-09-15T23:04:56.021578,4509.2,0.6585,4509.51,11.7864,0
2025-09-15T23:04:56.022950,4509.2,0.6585,4509.51,11.7864,0
2025-09-15T23:04:56.024711,4509.2,0.6585,4509.51,11.7864,0
2025-09-15T23:04:56.032791,4509.2,0.6585,4509.51,11.7864,0
2025-09-15T23:04:56.036248,4509.2,0.6585,4509.51,11.7864,0
2025-09-15T23:04:56.038806,4509.2,0.6585,4509.51,11.7864,0
2025-09-15T23:04:56.049447,4509.2,0.6585,4509.51,11.7864,0
2025-09-15T23:04:56.053037,4509.2,0.6585,4509.51,11.7864,0
2025-09-15T23:04:56.055361,4509.2,0.6585,4509.51,11.7864,0
2025-09-15T23:04:56.059090,4509.2,0.6585,4509.51,11.7864,0
2025-09-15T23:04:56.061591,4509.2,0.6585,4509.51,11.7864,0
2025-09-15T23:04:56.067644,4509.2,0.6585,4509.51,11.7864,0
2025-09-15T23:04:56.074099,4509.06,2.0,4509.51,11.7864,0
2025-09-15T23:04:56.083934,4509.06,2.0,4509.51,11.7864,0
2025-09-15T23:04:56.087360,4509.06,2.0,4509.51,11.7864,0
2025-09-15T23:04:56.265091,4509.06,2.0,4509.51,11.7864,0
2025-09-15T23:04:56.266411,4509.06,2.0,4509.51,11.7864,0
2025-09-15T23:04:56.269238,4509.06,2.0,4509.51,11.7864,0
2025-09-15T23:04:56.271763,4509.06,2.0,4509.51,11.7864,0
2025-09-15T23:04:56.273438,4509.06,2.0,4509.51,11.7864,0
2025-09-15T23:04:56.278986,4509.06,2.0,4509.51,11.7864,0
2025-09-15T23:04:56.280132,4509.06,2.0,4509.51,11.7864,0
2025-09-15T23:04:56.281454,4509.06,2.0,4509.51,11.7864,0
2025-09-15T23:04:56.282579,4509.06,2.0,4509.51,11.7864,0
2025-09-15T23:04:56.286764,4509.06,2.0,4509.51,11.7864,0
2025-09-15T23:04:56.288153,4509.06,2.0,4509.51,11.7864,0
2025-09-15T23:04:56.290399,4509.06,2.0,4509.51,11.7864,0
2025-09-15T23:04:56.291905,4509.06,2.0,4509.51,11.7864,0
2025-09-15T23:04:56.300246,4509.06,2.0,4509.51,11.7864,0
2025-09-15T23:04:56.319282,4509.06,2.0,4509.51,11.7864,0
2025-09-15T23:04:56.330815,4509.06,2.0,4509.51,11.7864,0
2025-09-15T23:04:56.336960,4509.06,2.0,4509.51,11.7864,0
2025-09-15T23:04:56.496113,4509.06,2.0,4509.51,11.7864,0
2025-09-15T23:04:56.623709,4509.06,2.0,4509.51,11.7864,0
2025-09-15T23:04:56.626383,4509.06,25.1062,4509.51,11.7864,0
2025-09-15T23:04:56.684647,4509.06,25.1062,4509.51,11.7864,0
2025-09-15T23:04:56.686096,4509.06,2.0,4509.51,11.7864,0
2025-09-15T23:04:56.697890,4508.85,0.6,4509.51,11.7864,0
2025-09-15T23:04:56.741967,4508.85,0.6,4509.51,11.7864,0
2025-09-15T23:04:56.918185,4508.85,0.6,4509.51,11.7864,0
2025-09-15T23:04:57.037478,4508.85,0.6,4509.61,31.2853,0
2025-09-15T23:04:57.051770,4508.85,0.6,4509.61,31.2853,0
2025-09-15T23:04:57.074430,4508.85,0.6,4509.61,31.2853,0
2025-09-15T23:04:57.080191,4508.85,0.6,4509.61,31.2853,0
2025-09-15T23:04:57.081784,4508.85,0.6,4509.61,31.2853,0
2025-09-15T23:04:57.091944,4508.85,0.6,4509.61,31.2853,0
2025-09-15T23:04:57.111418,4508.85,0.6,4509.61,31.2853,0
2025-09-15T23:04:57.118502,4508.85,0.6,4509.61,31.2853,0
2025-09-15T23:04:57.128677,4508.85,0.6,4509.61,31.2853,0
2025-09-15T23:04:57.255733,4508.85,0.6,4509.61,0.1858,0
2025-09-15T23:04:57.257090,4508.85,0.6,4509.61,0.1858,0
2025-09-15T23:04:57.277137,4508.85,0.6,4509.61,0.1858,0
2025-09-15T23:04:57.279190,4508.85,0.6,4509.61,0.1858,0
2025-09-15T23:04:57.288781,4508.85,0.6,4509.61,0.1858,0
2025-09-15T23:04:57.316833,4508.85,0.6,4509.61,0.1858,0
2025-09-15T23:04:57.396311,4508.85,0.6,4509.61,0.1858,0
2025-09-15T23:04:57.398211,4508.85,0.6,4509.61,0.1858,0
2025-09-15T23:04:57.404105,4508.85,0.6,4509.61,0.1858,0
2025-09-15T23:04:57.431520,4508.85,0.6,4509.61,0.1858,0
2025-09-15T23:04:57.450182,4508.85,0.6,4509.61,0.1858,0
2025-09-15T23:04:57.489490,4508.85,0.6,4509.61,0.1858,0
2025-09-15T23:04:57.567291,4508.85,0.6,4509.61,0.1858,0
2025-09-15T23:04:57.568752,4508.85,0.6,4509.61,0.1858,0
2025-09-15T23:04:57.570449,4508.85,0.6,4509.61,0.1858,0
2025-09-15T23:04:57.615427,4508.85,0.6,4509.61,0.1858,0
2025-09-15T23:04:57.664018,4508.85,0.6,4509.61,0.1858,0
2025-09-15T23:04:57.701943,4508.85,0.6,4509.61,0.1858,0
2025-09-15T23:04:57.738778,4508.85,0.6,4509.61,0.1858,0
2025-09-15T23:04:57.840242,4508.85,0.6,4509.61,0.1858,0
2025-09-15T23:04:57.896511,4508.85,0.6,4509.61,0.1858,0
2025-09-15T23:04:57.957407,4508.85,0.6,4509.61,0.1858,0
2025-09-15T23:04:58.220018,4508.85,0.6,4509.61,0.1858,0
2025-09-15T23:04:58.287685,4508.85,0.6,4509.61,0.1858,0
2025-09-15T23:04:58.292882,4508.85,0.6,4509.61,0.1858,0
2025-09-15T23:04:58.339005,4508.85,0.6,4509.61,0.1858,0
2025-09-15T23:04:58.356571,4508.85,0.6,4509.61,0.1858,0
2025-09-15T23:04:58.390721,4508.85,0.6,4509.61,0.1858,0
2025-09-15T23:04:58.433917,4508.85,0.6,4509.61,0.1858,0
2025-09-15T23:04:58.544603,4508.85,0.6,4509.61,0.1858,0
2025-09-15T23:04:58.709293,4508.85,0.6,4509.61,0.1858,0
2025-09-15T23:04:58.710726,4508.85,0.6,4509.61,0.1858,0
2025-09-15T23:04:58.770767,4508.85,0.6,4509.61,0.1858,0
2025-09-15T23:04:58.800763,4508.85,0.6,4509.61,0.1858,0
2025-09-15T23:04:58.903851,4508.85,0.6,4509.61,0.1858,0
2025-09-15T23:04:59.176641,4508.85,0.6,4509.61,0.1858,0
2025-09-15T23:04:59.249591,4508.85,0.6,4509.61,0.1858,0
2025-09-15T23:04:59.282718,4508.85,0.6,4509.61,0.1858,0
2025-09-15T23:04:59.300245,4508.85,0.6,4509.61,0.1858,0
2025-09-15T23:04:59.341681,4508.85,0.6,4509.61,0.1858,0
2025-09-15T23:04:59.387226,4508.85,0.6,4509.61,0.1858,0
2025-09-15T23:04:59.406657,4508.85,0.6,4509.61,0.1858,0
2025-09-15T23:04:59.483454,4508.85,0.6,4509.61,0.1858,0
2025-09-15T23:04:59.501206,4508.85,0.6,4509.61,0.1858,0
2025-09-15T23:04:59.557696,4508.85,0.6,4509.61,0.1858,0
2025-09-15T23:04:59.568901,4508.85,0.6,4509.61,0.1858,0
2025-09-15T23:04:59.682312,4508.85,0.6,4509.61,0.1858,0
2025-09-15T23:04:59.765634,4508.85,0.6,4509.61,0.1858,0
2025-09-15T23:04:59.781314,4508.85,0.6,4509.61,0.1858,0
2025-09-15T23:04:59.804557,4508.85,0.6,4509.61,0.1858,0
2025-09-15T23:04:59.864557,4508.85,0.6,4509.61,0.1858,0
2025-09-15T23:04:59.881863,4508.85,0.6,4509.61,0.1858,0
2025-09-15T23:05:00.041562,4508.85,0.6,4509.61,0.1858,0
2025-09-15T23:05:00.105252,4508.85,0.6,4509.61,0.1858,0
2025-09-15T23:05:00.177063,4508.85,0.6,4509.61,0.1858,0
2025-09-15T23:05:00.183541,4508.85,0.6,4509.61,0.1858,0
2025-09-15T23:05:00.185676,4508.85,0.6,4509.61,0.1858,0
2025-09-15T23:05:00.215415,4508.85,0.6,4509.61,0.1858,0
2025-09-15T23:05:00.309632,4508.85,0.6,4509.61,0.1858,0
2025-09-15T23:05:00.371261,4508.85,0.6,4509.61,0.1858,0
2025-09-15T23:05:00.433191,4508.85,0.6,4509.61,0.1858,0
2025-09-15T23:05:00.521503,4508.85,0.6,4509.61,0.1858,0
2025-09-15T23:05:00.534665,4508.85,0.6,4509.61,0.1858,0
2025-09-15T23:05:00.612573,4508.85,0.6,4509.61,0.1858,0
2025-09-15T23:05:00.841429,4508.85,0.6,4509.61,0.1858,0
2025-09-15T23:05:00.857765,4508.85,0.6,4509.61,0.1858,0
2025-09-15T23:05:00.885049,4508.85,0.6,4509.61,0.1858,0
2025-09-15T23:05:00.889935,4508.85,0.6,4509.61,0.1858,0
2025-09-15T23:05:00.897028,4508.85,0.6,4509.61,0.1858,0
2025-09-15T23:05:00.900565,4508.85,0.6,4509.61,0.1858,0
2025-09-15T23:05:00.909466,4508.85,0.6,4509.61,0.1858,0
2025-09-15T23:05:00.913382,4508.85,0.6,4509.61,0.1858,0
2025-09-15T23:05:00.923050,4508.85,0.6,4509.61,0.1858,0
2025-09-15T23:05:00.941008,4508.85,0.6,4509.61,0.1858,0
2025-09-15T23:05:00.960125,4508.85,0.6,4509.61,0.1858,0
2025-09-15T23:05:00.988048,4508.85,0.6,4509.61,0.1858,0
2025-09-15T23:05:01.004689,4508.85,0.6,4509.61,0.1858,0
2025-09-15T23:05:01.014039,4508.85,0.6,4509.61,0.1858,0
2025-09-15T23:05:01.040188,4508.85,0.6,4509.61,0.1858,0
2025-09-15T23:05:01.071106,4508.85,0.6,4509.61,0.1858,0
2025-09-15T23:05:01.203698,4508.85,0.6,4509.61,0.1858,0
2025-09-15T23:05:01.281722,4508.85,0.6,4509.61,0.1858,0
2025-09-15T23:05:01.283832,4508.85,0.6,4509.61,0.1858,0
2025-09-15T23:05:01.285555,4508.85,0.6,4509.61,0.1858,0
2025-09-15T23:05:01.334104,4508.85,0.6,4509.61,0.1858,0
2025-09-15T23:05:01.335922,4508.85,0.6,4509.61,0.1858,0
2025-09-15T23:05:01.337603,4508.85,0.6,4509.61,0.1858,0
2025-09-15T23:05:01.339045,4508.85,0.6,4509.61,0.1858,0
2025-09-15T23:05:01.340360,4508.85,0.6,4509.61,0.1858,0
2025-09-15T23:05:01.372203,4508.85,0.6,4509.61,0.1858,0
2025-09-15T23:05:01.374475,4508.85,0.6,4509.61,0.1858,0
2025-09-15T23:05:01.385004,4508.85,0.6,4509.61,0.1858,0
2025-09-15T23:05:01.394174,4508.85,0.6,4509.61,0.1858,0
2025-09-15T23:05:01.399958,4508.85,0.6,4509.61,0.1858,0
2025-09-15T23:05:01.413205,4508.85,0.6,4509.61,0.1858,0
2025-09-15T23:05:01.420668,4508.85,0.6,4509.61,0.1858,0
2025-09-15T23:05:01.436787,4508.85,0.6,4509.61,0.1858,0
2025-09-15T23:05:01.438943,4508.85,0.6,4509.61,0.1858,0
2025-09-15T23:05:01.452872,4508.85,0.6,4509.61,0.1858,0
2025-09-15T23:05:01.459396,4508.85,0.6,4509.61,0.1858,0
2025-09-15T23:05:01.481289,4508.82,1.4431,4509.61,0.1858,0
2025-09-15T23:05:01.496053,4508.82,1.4431,4509.61,0.1858,0
2025-09-15T23:05:01.547128,4508.82,1.4431,4509.61,0.1858,0
2025-09-15T23:05:01.577989,4508.82,1.4431,4509.61,0.1858,0
2025-09-15T23:05:01.579788,4508.82,1.4431,4509.61,0.1858,0
2025-09-15T23:05:01.581735,4508.82,1.4431,4509.61,0.1858,0
2025-09-15T23:05:01.585080,4508.82,1.4431,4509.61,0.1858,0
2025-09-15T23:05:01.597676,4508.82,1.4431,4509.61,0.1858,0
2025-09-15T23:05:01.599657,4508.82,1.4431,4509.61,0.1858,0
2025-09-15T23:05:01.621414,4508.82,1.4431,4510.32,0.2448,0
2025-09-15T23:05:01.624211,4508.82,1.4431,4510.32,0.2448,0
2025-09-15T23:05:01.646442,4508.82,1.4431,4510.32,0.2448,0
2025-09-15T23:05:01.667719,4508.82,1.4431,4510.32,0.2448,0
2025-09-15T23:05:01.681187,4508.82,1.4431,4510.32,0.2448,0
2025-09-15T23:05:01.695489,4508.82,1.4431,4510.32,0.2448,0
2025-09-15T23:05:01.701842,4508.82,1.4431,4510.32,0.2448,0
2025-09-15T23:05:01.704117,4508.82,1.4431,4510.32,0.2448,0
2025-09-15T23:05:01.714567,4508.82,1.4431,4510.32,0.2448,0
2025-09-15T23:05:01.730154,4508.82,1.4431,4510.32,0.2448,0
2025-09-15T23:05:01.738729,4508.82,1.4431,4510.32,0.2448,0
2025-09-15T23:05:01.745403,4508.82,1.4431,4510.32,0.2448,0
2025-09-15T23:05:01.772609,4508.82,1.4431,4510.32,0.2448,0
2025-09-15T23:05:01.780294,4508.82,1.4431,4510.32,0.2448,0
2025-09-15T23:05:01.790843,4508.82,1.4431,4510.32,0.2448,0
2025-09-15T23:05:01.804842,4508.82,1.4431,4510.32,0.2448,0
2025-09-15T23:05:01.813516,4508.82,1.4431,4510.32,0.2448,0
2025-09-15T23:05:01.821943,4508.82,1.4431,4510.32,0.2448,0
2025-09-15T23:05:01.827886,4508.82,1.4431,4510.32,0.2448,0
2025-09-15T23:05:01.852342,4508.82,1.4431,4510.32,0.2448,0
2025-09-15T23:05:01.856958,4508.82,1.4431,4510.32,0.2448,0
2025-09-15T23:05:01.860884,4508.82,1.4431,4510.32,0.2448,0
2025-09-15T23:05:01.892037,4508.82,1.4431,4510.32,0.2448,0
2025-09-15T23:05:01.896546,4508.82,1.4431,4510.32,0.2448,0
2025-09-15T23:05:01.902865,4508.82,1.4431,4510.32,0.2448,0
2025-09-15T23:05:01.911172,4508.82,1.4431,4510.32,0.2448,0
2025-09-15T23:05:01.933553,4508.82,1.4431,4510.32,0.2448,0
2025-09-15T23:05:01.936352,4508.82,1.4431,4510.32,0.2448,0
2025-09-15T23:05:01.945756,4508.82,1.4431,4510.32,0.2448,0
2025-09-15T23:05:01.975241,4508.82,1.4431,4510.32,0.2448,0
2025-09-15T23:05:01.982534,4508.82,1.4431,4510.32,0.2448,0
2025-09-15T23:05:02.024580,4508.82,1.4431,4510.32,0.2448,0
2025-09-15T23:05:02.052976,4508.82,1.4431,4510.32,0.2448,0
2025-09-15T23:05:02.064575,4508.82,1.4431,4510.32,0.2448,0
2025-09-15T23:05:02.101469,4508.82,1.4431,4510.32,0.2448,0
2025-09-15T23:05:02.116303,4508.82,1.4431,4510.32,0.2448,0
2025-09-15T23:05:02.147474,4508.82,1.4431,4510.32,0.2448,0
2025-09-15T23:05:02.152998,4508.82,1.4431,4510.32,0.2448,0
2025-09-15T23:05:02.200264,4508.82,1.4431,4510.32,0.2448,0
2025-09-15T23:05:02.223608,4508.82,1.4431,4510.32,0.2448,0
2025-09-15T23:05:02.236990,4508.82,1.4431,4510.32,0.2448,0
2025-09-15T23:05:02.245952,4508.82,1.4431,4510.32,0.2448,0
2025-09-15T23:05:02.283588,4508.82,1.4431,4510.32,0.2448,0
2025-09-15T23:05:02.311861,4508.82,1.4431,4510.32,0.2448,0
2025-09-15T23:05:02.341998,4508.82,1.4431,4510.32,0.2448,0
2025-09-15T23:05:02.386818,4508.82,1.4431,4510.32,0.2448,0
2025-09-15T23:05:02.400546,4508.82,1.4431,4510.32,0.2448,0
2025-09-15T23:05:02.409133,4508.82,1.4431,4510.32,0.2448,0
2025-09-15T23:05:02.458351,4508.82,1.4431,4510.32,0.2448,0
2025-09-15T23:05:02.475151,4508.82,1.4431,4510.32,0.2448,0
2025-09-15T23:05:02.513104,4508.82,1.4431,4510.32,0.2448,0
2025-09-15T23:05:02.576930,4508.82,1.4431,4510.32,0.2448,0
2025-09-15T23:05:02.611484,4508.82,1.4431,4510.32,0.2448,0
2025-09-15T23:05:02.791957,4508.82,1.4431,4510.32,0.2448,0
2025-09-15T23:05:02.800412,4508.82,1.4431,4510.32,0.2448,0
2025-09-15T23:05:02.871914,4508.82,1.4431,4510.32,0.2448,0
2025-09-15T23:05:02.904372,4508.82,1.4431,4510.32,0.2448,0
2025-09-15T23:05:02.946601,4508.82,1.4431,4510.32,0.2448,0
2025-09-15T23:05:03.012635,4508.82,1.4431,4510.32,0.2448,0
2025-09-15T23:05:03.030735,4508.82,1.4431,4510.32,0.2448,0
2025-09-15T23:05:03.283642,4508.82,1.4431,4510.32,0.2448,0
2025-09-15T23:05:03.314278,4508.82,1.4431,4510.32,0.2448,0
2025-09-15T23:05:03.317298,4508.82,1.4431,4510.32,0.2448,0
2025-09-15T23:05:03.338399,4508.82,1.4431,4510.32,0.2448,0
2025-09-15T23:05:03.358544,4508.82,1.4431,4510.32,0.2448,0
2025-09-15T23:05:03.389344,4508.82,1.4431,4510.32,0.2448,0
2025-09-15T23:05:03.395320,4508.82,1.4431,4510.32,0.2448,0
2025-09-15T23:05:03.408237,4508.82,1.4431,4510.32,0.2448,0
2025-09-15T23:05:03.409497,4508.82,1.4431,4510.32,0.2448,0
2025-09-15T23:05:03.421784,4508.82,1.4431,4510.32,0.2448,0
2025-09-15T23:05:03.485947,4508.82,1.4431,4510.32,0.2448,0
2025-09-15T23:05:03.544399,4508.82,1.4431,4510.32,0.2448,0
2025-09-15T23:05:03.589214,4508.82,1.4431,4510.32,0.2448,0
2025-09-15T23:05:03.768039,4508.82,1.4431,4510.32,0.2448,0
2025-09-15T23:05:03.771249,4508.82,1.4431,4510.32,0.2448,0
2025-09-15T23:05:03.819573,4508.82,1.4431,4510.32,0.2448,0
2025-09-15T23:05:03.845117,4508.82,1.4431,4510.32,0.2448,0
2025-09-15T23:05:04.083842,4508.82,1.4431,4510.32,0.2448,0
2025-09-15T23:05:04.093219,4508.82,1.4431,4510.32,0.2448,0
2025-09-15T23:05:04.150392,4508.82,1.4431,4510.32,0.2448,0
2025-09-15T23:05:04.195974,4508.82,1.4431,4510.32,0.2448,0
2025-09-15T23:05:04.364962,4508.82,1.4431,4510.32,0.2448,0
2025-09-15T23:05:04.473548,4508.82,1.4431,4510.32,0.2448,0
2025-09-15T23:05:04.526682,4508.82,1.4431,4510.32,0.2448,0
2025-09-15T23:05:04.531750,4508.82,1.4431,4510.32,0.2448,0
2025-09-15T23:05:04.594299,4508.82,1.4431,4510.32,0.2448,0
2025-09-15T23:05:04.638289,4508.82,1.4431,4510.32,0.2448,0
2025-09-15T23:05:04.680764,4508.82,1.4431,4510.32,0.2448,0
2025-09-15T23:05:04.828413,4508.82,1.4431,4510.32,0.2448,0
2025-09-15T23:05:04.846727,4508.82,1.4431,4510.32,0.2448,0
2025-09-15T23:05:04.947841,4508.82,1.4431,4510.32,0.2448,0
2025-09-15T23:05:04.959832,4508.82,1.4431,4510.32,0.2448,0
2025-09-15T23:05:05.027039,4508.82,1.4431,4510.32,0.2448,0
2025-09-15T23:05:05.088421,4508.82,1.4431,4510.32,0.2448,0
2025-09-15T23:05:05.246052,4508.82,1.4431,4510.32,0.2448,0
2025-09-15T23:05:05.431507,4508.82,1.4431,4510.32,0.2448,0
2025-09-15T23:05:05.445638,4508.82,1.4431,4510.32,0.2448,0
2025-09-15T23:05:05.522378,4508.82,1.4431,4510.32,0.2448,0
2025-09-15T23:05:05.615570,4508.82,1.4431,4510.32,0.2448,0
2025-09-15T23:05:05.645593,4508.82,1.4431,4510.32,0.2448,0
2025-09-15T23:05:05.694752,4508.82,1.4431,4510.32,0.2448,0
2025-09-15T23:05:05.793240,4508.82,1.4431,4510.32,0.2448,0
2025-09-15T23:05:05.812896,4508.82,1.4431,4510.32,0.2448,0
2025-09-15T23:05:05.830405,4508.82,1.4431,4510.32,0.2448,0
2025-09-15T23:05:05.903483,4508.82,1.4431,4510.32,0.2448,0
2025-09-15T23:05:05.907466,4508.82,1.4431,4510.32,0.2448,0
2025-09-15T23:05:05.910926,4508.82,1.4431,4510.32,0.2448,0
2025-09-15T23:05:05.914440,4508.82,1.4431,4510.32,0.2448,0
2025-09-15T23:05:05.952862,4508.82,1.4431,4510.32,0.2448,0
2025-09-15T23:05:05.975437,4508.82,1.4431,4510.32,0.2448,0
2025-09-15T23:05:05.979443,4508.82,1.4431,4510.32,0.2448,0
2025-09-15T23:05:05.986349,4508.82,1.4431,4510.32,0.2448,0
2025-09-15T23:05:06.050744,4508.82,1.4431,4510.32,0.2448,0
2025-09-15T23:05:06.073737,4508.82,1.4431,4510.32,0.2448,0
2025-09-15T23:05:06.107698,4508.82,1.4431,4510.32,0.2448,0
2025-09-15T23:05:06.112334,4508.82,1.4431,4510.32,0.2448,0
2025-09-15T23:05:06.188699,4508.82,1.4431,4510.32,0.2448,0
2025-09-15T23:05:06.326222,4508.82,1.4431,4510.32,0.2448,0
2025-09-15T23:05:06.334719,4508.82,1.4431,4510.32,0.2448,0
2025-09-15T23:05:06.339606,4508.82,1.4431,4510.32,0.2448,0
2025-09-15T23:05:06.377073,4508.82,1.4431,4510.32,0.2448,0
2025-09-15T23:05:06.433623,4508.82,1.4431,4510.32,0.2448,0
2025-09-15T23:05:06.443667,4508.82,1.4431,4510.32,0.2448,0
2025-09-15T23:05:06.449707,4508.82,1.4431,4510.32,0.2448,0
2025-09-15T23:05:06.487612,4508.82,1.4431,4510.32,0.2448,0
2025-09-15T23:05:06.552043,4508.82,1.4431,4510.32,0.2448,0
2025-09-15T23:05:06.565271,4508.82,1.4431,4510.32,0.2448,0
2025-09-15T23:05:06.584060,4508.82,1.4431,4510.32,0.2448,0
2025-09-15T23:05:06.636937,4508.82,1.4431,4510.32,0.2448,0
2025-09-15T23:05:06.690076,4508.82,1.4431,4510.32,0.2448,0
2025-09-15T23:05:06.746222,4508.82,1.4431,4510.32,0.2448,0
2025-09-15T23:05:07.001605,4508.82,1.4431,4510.32,0.2448,0
2025-09-15T23:05:07.024185,4508.82,1.4431,4510.32,0.2448,0
2025-09-15T23:05:07.063610,4508.82,1.4431,4510.32,0.2448,0
2025-09-15T23:05:07.067407,4508.82,1.4431,4510.32,0.2448,0
2025-09-15T23:05:07.071185,4508.82,1.4431,4510.32,0.2448,0
2025-09-15T23:05:07.090432,4508.82,1.4431,4510.32,0.2448,0
2025-09-15T23:05:07.094567,4508.82,1.4431,4510.32,0.2448,0
2025-09-15T23:05:07.097835,4508.82,1.4431,4510.32,0.2448,0
2025-09-15T23:05:07.135538,4508.82,1.4431,4510.32,0.2448,0
2025-09-15T23:05:07.141342,4508.82,1.4431,4510.32,0.2448,0
2025-09-15T23:05:07.146972,4508.82,1.4431,4510.32,0.2448,0
2025-09-15T23:05:07.151702,4508.82,1.4431,4510.32,0.2448,0
2025-09-15T23:05:07.154437,4508.82,1.4431,4510.32,0.2448,0
2025-09-15T23:05:07.162519,4508.82,1.4431,4510.32,0.2448,0
2025-09-15T23:05:07.163929,4508.82,1.4431,4510.32,0.2448,0
2025-09-15T23:05:07.204926,4508.82,1.4431,4510.32,0.2448,0
2025-09-15T23:05:07.216335,4508.82,1.4431,4510.32,0.2448,0
2025-09-15T23:05:07.241238,4508.82,1.4431,4510.32,0.2448,0
2025-09-15T23:05:07.248810,4508.82,1.4431,4510.32,0.2448,0
2025-09-15T23:05:07.266016,4508.82,1.4431,4510.32,0.2448,0
2025-09-15T23:05:07.278064,4508.82,1.4431,4510.32,0.2448,0
2025-09-15T23:05:07.289075,4508.82,1.4431,4510.32,0.2448,0
2025-09-15T23:05:07.293032,4508.82,1.4431,4510.32,0.2448,0
2025-09-15T23:05:07.296319,4508.82,1.4431,4510.32,0.2448,0
2025-09-15T23:05:07.298796,4508.82,1.4431,4510.32,0.2448,0
2025-09-15T23:05:07.303442,4508.82,1.4431,4510.32,0.2448,0
2025-09-15T23:05:07.319907,4508.82,1.4431,4510.32,0.2448,0
2025-09-15T23:05:07.322885,4508.82,1.4431,4510.32,0.2448,0
2025-09-15T23:05:07.340497,4508.82,1.4431,4510.32,0.2448,0
2025-09-15T23:05:07.345236,4508.82,1.4431,4510.32,0.2448,0
2025-09-15T23:05:07.390603,4508.82,1.4431,4510.32,0.2448,0
2025-09-15T23:05:07.401699,4508.82,1.4431,4510.32,0.2448,0
2025-09-15T23:05:07.425840,4508.82,1.4431,4510.32,0.2448,0
2025-09-15T23:05:07.465129,4508.82,1.4431,4510.32,0.2448,0
2025-09-15T23:05:07.489361,4508.82,1.4431,4510.32,0.2448,0
2025-09-15T23:05:07.491264,4508.82,1.4431,4510.32,0.2448,0
2025-09-15T23:05:07.504597,4508.82,1.4431,4510.32,0.2448,0
2025-09-15T23:05:07.545297,4508.82,1.4431,4510.32,0.2448,0
2025-09-15T23:05:07.762305,4508.82,1.4431,4510.32,0.2448,0
2025-09-15T23:05:07.798956,4508.82,1.4431,4510.32,0.2448,0
2025-09-15T23:05:07.991614,4508.82,1.4431,4510.32,0.2448,0
2025-09-15T23:05:07.995649,4508.82,1.4431,4510.32,0.2448,0
2025-09-15T23:05:08.091796,4508.82,1.4431,4510.32,0.2448,0
2025-09-15T23:05:08.147408,4508.82,1.4431,4510.32,0.2448,0
2025-09-15T23:05:08.150540,4508.82,1.4431,4510.32,0.2448,0
2025-09-15T23:05:08.172310,4508.82,1.4431,4510.32,0.2448,0
2025-09-15T23:05:08.179513,4508.82,1.4431,4510.32,0.2448,0
2025-09-15T23:05:08.188181,4508.82,1.4431,4510.32,0.2448,0
2025-09-15T23:05:08.212084,4508.82,1.4431,4510.32,0.2448,0
2025-09-15T23:05:08.213630,4508.82,1.4431,4510.32,0.2448,0
2025-09-15T23:05:08.224408,4508.82,1.4431,4510.32,0.2448,0
2025-09-15T23:05:08.226697,4508.82,1.4431,4510.32,0.2448,0
2025-09-15T23:05:08.231341,4508.82,1.4431,4510.32,0.2448,0
2025-09-15T23:05:08.240411,4508.82,1.4431,4510.32,0.2448,0
2025-09-15T23:05:08.246732,4508.82,1.4431,4510.32,0.2448,0
2025-09-15T23:05:08.251995,4508.82,1.4431,4510.32,0.2448,0
2025-09-15T23:05:08.261833,4508.82,1.4431,4510.32,0.2448,0
2025-09-15T23:05:08.271327,4508.82,1.4431,4510.32,0.2448,0
2025-09-15T23:05:08.310394,4508.82,1.4431,4510.32,0.2448,0
2025-09-15T23:05:08.318749,4508.82,1.4431,4510.32,0.2448,0
2025-09-15T23:05:08.339007,4508.82,1.4431,4510.32,0.2448,0
2025-09-15T23:05:08.369448,4508.82,1.4431,4510.32,0.2448,0
2025-09-15T23:05:08.388788,4508.82,1.4431,4510.32,0.2448,0
2025-09-15T23:05:08.409151,4508.82,1.4431,4510.32,0.2448,0
2025-09-15T23:05:08.426424,4508.82,1.4431,4510.32,0.2448,0
2025-09-15T23:05:08.480737,4508.82,1.4431,4510.32,0.2448,0
2025-09-15T23:05:08.499522,4508.82,1.4431,4510.32,0.2448,0
2025-09-15T23:05:08.530880,4508.82,1.4431,4510.32,0.2448,0
2025-09-15T23:05:08.547286,4508.82,1.4431,4510.32,0.2448,0
2025-09-15T23:05:08.571407,4508.82,1.4431,4510.32,0.2448,0
2025-09-15T23:05:08.577250,4508.82,1.4431,4510.32,0.2448,0
2025-09-15T23:05:08.581303,4508.82,1.4431,4510.32,0.2448,0
2025-09-15T23:05:08.619664,4508.82,1.4431,4510.32,0.2448,0
2025-09-15T23:05:08.680306,4508.82,1.4431,4510.32,0.2448,0
2025-09-15T23:05:08.689581,4508.82,1.4431,4510.32,0.2448,0
2025-09-15T23:05:08.691802,4508.82,1.4431,4510.32,0.2448,0
2025-09-15T23:05:08.702478,4508.82,1.4431,4510.32,0.2448,0
2025-09-15T23:05:08.752277,4508.82,1.4431,4510.32,0.2448,0
2025-09-15T23:05:08.780099,4508.82,1.4431,4510.32,0.2448,0
2025-09-15T23:05:08.796878,4508.82,1.4431,4510.32,0.2448,0
2025-09-15T23:05:08.821558,4508.82,1.4431,4510.32,0.2448,0
2025-09-15T23:05:08.824942,4508.82,1.4431,4510.32,0.2448,0
2025-09-15T23:05:08.853859,4508.82,1.4431,4510.32,0.2448,0
2025-09-15T23:05:08.869567,4508.82,1.4431,4510.32,0.2448,0
2025-09-15T23:05:08.892472,4508.82,1.4431,4510.32,0.2448,0
2025-09-15T23:05:08.894458,4508.82,1.4431,4510.32,0.2448,0
2025-09-15T23:05:08.909891,4508.82,1.4431,4510.32,0.2448,0
2025-09-15T23:05:08.941041,4508.82,1.4431,4510.32,0.2448,0
2025-09-15T23:05:08.991288,4508.82,1.4431,4510.32,0.2448,0
2025-09-15T23:05:09.011455,4508.82,1.4431,4510.32,0.2448,0
2025-09-15T23:05:09.015006,4508.82,1.4431,4510.32,0.2448,0
2025-09-15T23:05:09.021752,4508.82,1.4431,4510.32,0.2448,0
2025-09-15T23:05:09.040712,4508.82,1.4431,4510.32,0.2448,0
2025-09-15T23:05:09.054726,4508.82,1.4431,4510.32,0.2448,0
2025-09-15T23:05:09.098313,4508.82,1.4431,4510.32,0.2448,0
2025-09-15T23:05:09.101995,4508.82,1.4431,4510.32,0.2448,0
2025-09-15T23:05:09.122045,4508.82,1.4431,4510.32,0.2448,0
2025-09-15T23:05:09.134486,4508.82,1.4431,4510.32,0.2448,0
2025-09-15T23:05:09.144375,4508.82,1.4431,4510.32,0.2448,0
2025-09-15T23:05:09.192654,4508.82,1.4431,4510.32,0.2448,0
2025-09-15T23:05:09.195991,4508.82,1.4431,4510.32,0.2448,0
2025-09-15T23:05:09.199652,4508.82,1.4431,4510.32,0.2448,0
2025-09-15T23:05:09.242132,4508.82,1.4431,4510.32,0.2448,0
2025-09-15T23:05:09.246443,4508.82,1.4431,4510.32,0.2448,0
2025-09-15T23:05:09.255284,4508.82,1.4431,4510.32,0.2448,0
2025-09-15T23:05:09.258373,4508.82,1.4431,4510.32,0.2448,0
2025-09-15T23:05:09.285718,4508.82,1.4431,4510.32,0.2448,0
2025-09-15T23:05:09.297699,4508.82,1.4431,4510.32,0.2448,0
2025-09-15T23:05:09.303742,4508.82,1.4431,4510.32,0.2448,0
2025-09-15T23:05:09.320283,4508.82,1.4431,4510.32,0.2448,0
2025-09-15T23:05:09.334550,4508.82,1.4431,4510.32,0.2448,0
2025-09-15T23:05:09.367702,4508.82,1.4431,4510.32,0.2448,0
2025-09-15T23:05:09.382918,4508.82,1.4431,4510.32,0.2448,0
2025-09-15T23:05:09.421821,4508.82,1.4431,4510.32,0.2448,0
2025-09-15T23:05:09.429132,4508.82,1.4431,4510.32,0.2448,0
2025-09-15T23:05:09.435805,4508.82,1.4431,4510.32,0.2448,0
2025-09-15T23:05:09.455496,4508.82,1.4431,4510.32,0.2448,0
2025-09-15T23:05:09.466970,4508.82,1.4431,4510.32,0.2448,0
2025-09-15T23:05:09.475508,4508.82,1.4431,4510.32,0.2448,0
2025-09-15T23:05:09.479195,4508.82,1.4431,4510.32,0.2448,0
2025-09-15T23:05:09.484330,4508.82,1.4431,4510.32,0.2448,0
2025-09-15T23:05:09.510550,4508.82,1.4431,4510.32,0.2448,0
2025-09-15T23:05:09.535676,4508.82,1.4431,4510.32,0.2448,0
2025-09-15T23:05:09.543616,4508.82,1.4431,4510.32,0.2448,0
2025-09-15T23:05:09.546435,4508.82,1.4431,4510.32,0.2448,0
2025-09-15T23:05:09.561797,4508.82,1.4431,4510.32,0.2448,0
2025-09-15T23:05:09.572702,4508.82,1.4431,4510.32,0.2448,0
2025-09-15T23:05:09.577635,4508.82,1.4431,4510.32,0.2448,0
2025-09-15T23:05:09.595187,4508.82,1.4431,4510.32,0.2448,0
2025-09-15T23:05:09.612822,4508.82,1.4431,4510.32,0.2448,0
2025-09-15T23:05:09.618229,4508.82,1.4431,4510.32,0.2448,0
2025-09-15T23:05:09.650434,4508.82,1.4431,4510.32,0.2448,0
2025-09-15T23:05:09.658779,4508.82,1.4431,4510.32,0.2448,0
2025-09-15T23:05:09.660842,4508.82,1.4431,4510.32,0.2448,0
2025-09-15T23:05:09.708708,4508.82,1.4431,4510.32,0.2448,0
2025-09-15T23:05:09.734231,4508.82,1.4431,4510.32,0.2448,0
2025-09-15T23:05:09.748454,4508.82,1.4431,4510.32,0.2448,0
2025-09-15T23:05:09.763589,4508.82,1.4431,4510.32,0.2448,0
2025-09-15T23:05:09.769083,4508.82,1.4431,4510.32,0.2448,0
2025-09-15T23:05:09.782676,4508.82,1.4431,4510.32,0.2448,0
2025-09-15T23:05:09.804904,4508.82,1.4431,4510.32,0.2448,0
2025-09-15T23:05:09.823965,4508.82,1.4431,4510.32,0.2448,0
2025-09-15T23:05:09.827839,4508.82,1.4431,4510.32,0.2448,0
2025-09-15T23:05:09.859863,4508.82,1.4431,4510.32,0.2448,0
2025-09-15T23:05:09.897425,4508.82,1.4431,4510.32,0.2448,0
2025-09-15T23:05:09.909175,4508.82,1.4431,4510.32,0.2448,0
2025-09-15T23:05:09.919880,4508.82,1.4431,4510.32,0.2448,0
2025-09-15T23:05:09.940056,4508.82,1.4431,4510.32,0.2448,0
2025-09-15T23:05:09.947706,4508.82,1.4431,4510.32,0.2448,0
2025-09-15T23:05:09.962348,4508.82,1.4431,4510.32,0.2448,0
2025-09-15T23:05:09.977370,4508.82,1.4431,4510.32,0.2448,0
2025-09-15T23:05:09.985123,4508.82,1.4431,4510.32,0.2448,0
2025-09-15T23:05:09.996388,4508.82,1.4431,4510.32,0.2448,0
2025-09-15T23:05:10.030437,4508.82,1.4431,4510.32,0.2448,0
2025-09-15T23:05:10.035411,4508.82,1.4431,4510.32,0.2448,0
2025-09-15T23:05:10.052118,4508.82,1.4431,4510.32,0.2448,0
2025-09-15T23:05:10.074379,4508.82,1.4431,4510.32,0.2448,0
2025-09-15T23:05:10.087663,4508.82,1.4431,4510.32,0.2448,0
2025-09-15T23:05:10.109404,4508.82,1.4431,4510.32,0.2448,0
2025-09-15T23:05:10.141623,4508.82,1.4431,4510.32,0.2448,0
2025-09-15T23:05:10.153442,4508.82,1.4431,4510.32,0.2448,0
2025-09-15T23:05:10.192513,4508.82,1.4431,4510.32,0.2448,0
2025-09-15T23:05:10.206826,4508.82,1.4431,4510.32,0.2448,0
2025-09-15T23:05:10.215456,4508.82,1.4431,4510.32,0.2448,0
2025-09-15T23:05:10.247632,4508.82,1.4431,4510.32,0.2448,0
2025-09-15T23:05:10.251757,4508.82,1.4431,4510.32,0.2448,0
2025-09-15T23:05:10.262875,4508.82,1.4431,4510.32,0.2448,0
2025-09-15T23:05:10.276037,4508.82,1.4431,4510.32,0.2448,0
2025-09-15T23:05:10.288159,4508.82,1.4431,4510.32,0.2448,0
2025-09-15T23:05:10.454162,4508.82,1.4431,4510.32,0.2448,0
2025-09-15T23:05:10.591095,4508.82,1.4431,4510.32,0.2448,0
2025-09-15T23:05:10.610539,4508.82,1.4431,4510.32,0.2448,0
2025-09-15T23:05:10.617872,4508.82,1.4431,4510.32,0.2448,0
2025-09-15T23:05:10.621144,4508.82,1.4431,4510.32,0.2448,0
2025-09-15T23:05:10.627894,4508.82,1.4431,4510.32,0.2448,0
2025-09-15T23:05:10.634302,4508.82,1.4431,4510.32,0.2448,0
2025-09-15T23:05:10.659421,4508.82,1.4431,4510.32,0.2448,0
2025-09-15T23:05:10.673964,4508.82,1.4431,4510.32,0.2448,0
2025-09-15T23:05:10.686460,4508.82,1.4431,4510.32,0.2448,0
2025-09-15T23:05:10.700424,4508.82,1.4431,4510.32,0.2448,0
2025-09-15T23:05:10.707915,4508.82,1.4431,4510.32,0.2448,0
2025-09-15T23:05:10.722940,4508.82,1.4431,4510.32,0.2448,0
2025-09-15T23:05:10.753039,4508.82,1.4431,4510.32,0.2448,0
2025-09-15T23:05:10.758163,4508.82,1.4431,4510.32,0.2448,0
2025-09-15T23:05:10.772271,4508.82,1.4431,4510.32,0.2448,0
2025-09-15T23:05:10.984799,4508.82,1.4431,4510.32,0.2448,0
2025-09-15T23:05:11.071261,4508.82,1.4431,4510.32,0.2448,0
2025-09-15T23:05:11.139881,4508.82,1.4431,4510.32,0.2448,0
2025-09-15T23:05:11.219015,4508.82,1.4431,4510.32,0.2448,0
2025-09-15T23:05:11.253780,4508.82,1.4431,4510.32,0.2448,0
2025-09-15T23:05:11.274533,4508.82,1.4431,4510.32,0.2448,0
2025-09-15T23:05:11.385191,4508.82,1.4431,4510.32,0.2448,0
2025-09-15T23:05:11.390085,4508.82,1.4431,4510.32,0.2448,0
2025-09-15T23:05:11.391594,4508.82,1.4431,4510.32,0.2448,0
2025-09-15T23:05:11.400084,4508.82,1.4431,4510.32,0.2448,0
2025-09-15T23:05:11.404873,4508.82,1.4431,4510.32,0.2448,0
2025-09-15T23:05:11.412909,4508.82,1.4431,4510.32,0.2448,0
2025-09-15T23:05:11.415290,4508.82,1.4431,4510.32,0.2448,0
2025-09-15T23:05:11.429870,4508.82,1.4431,4510.32,0.2448,0
2025-09-15T23:05:11.434286,4508.82,1.4431,4510.32,0.2448,0
2025-09-15T23:05:11.449968,4508.82,1.4431,4510.32,0.2448,0
2025-09-15T23:05:11.470188,4508.82,1.4431,4510.32,0.2448,0
2025-09-15T23:05:11.505759,4508.82,1.4431,4510.32,0.2448,0
2025-09-15T23:05:11.601474,4508.82,1.4431,4510.32,0.2448,0
2025-09-15T23:05:11.637694,4508.82,1.4431,4510.32,0.2448,0
2025-09-15T23:05:11.663524,4508.82,1.4431,4510.32,0.2448,0
2025-09-15T23:05:11.670786,4508.82,1.4431,4510.32,0.2448,0
2025-09-15T23:05:11.684337,4508.82,1.4431,4510.32,0.2448,0
2025-09-15T23:05:11.690585,4508.82,1.4431,4510.32,0.2448,0
2025-09-15T23:05:11.735184,4508.82,1.4431,4510.32,0.2448,0
2025-09-15T23:05:11.769202,4508.82,1.4431,4510.32,0.2448,0
2025-09-15T23:05:11.771475,4508.82,1.4431,4510.32,0.2448,0
2025-09-15T23:05:11.798813,4508.82,1.4431,4510.32,0.2448,0
2025-09-15T23:05:11.824809,4508.82,1.4431,4510.32,0.2448,0
2025-09-15T23:05:11.838494,4508.82,1.4431,4510.32,0.2448,0
2025-09-15T23:05:11.860003,4508.82,1.4431,4510.32,0.2448,0
2025-09-15T23:05:11.869200,4508.82,1.4431,4510.32,0.2448,0
2025-09-15T23:05:11.878432,4508.82,1.4431,4510.32,0.2448,0
2025-09-15T23:05:11.885296,4508.82,1.4431,4510.32,0.2448,0
2025-09-15T23:05:11.897245,4508.82,1.4431,4510.32,0.2448,0
2025-09-15T23:05:11.925758,4508.82,1.4431,4510.32,0.2448,0
2025-09-15T23:05:11.987221,4508.82,1.4431,4510.32,0.2448,0
2025-09-15T23:05:11.993369,4508.82,1.4431,4510.32,0.2448,0
2025-09-15T23:05:11.996267,4508.82,1.4431,4510.32,0.2448,0
2025-09-15T23:05:12.000300,4508.82,1.4431,4510.32,0.2448,0
2025-09-15T23:05:12.018831,4508.82,1.4431,4510.32,0.2448,0
2025-09-15T23:05:12.026973,4508.82,1.4431,4510.32,0.2448,0
2025-09-15T23:05:12.044497,4508.82,1.4431,4510.32,0.2448,0
2025-09-15T23:05:12.058937,4508.82,1.4431,4510.32,0.2448,0
2025-09-15T23:05:12.084421,4508.82,1.4431,4510.32,0.2448,0
2025-09-15T23:05:12.112182,4508.82,1.4431,4510.32,0.2448,0
2025-09-15T23:05:12.201222,4508.82,1.4431,4510.32,0.2448,0
2025-09-15T23:05:12.222122,4508.82,1.4431,4510.32,0.2448,0
2025-09-15T23:05:12.282150,4508.82,1.4431,4510.32,0.2448,0
2025-09-15T23:05:12.284537,4508.82,1.4431,4510.32,0.2448,0
2025-09-15T23:05:12.297598,4508.82,1.4431,4510.32,0.2448,0
2025-09-15T23:05:12.314358,4508.82,1.4431,4510.32,0.2448,0
2025-09-15T23:05:12.318846,4508.82,1.4431,4510.32,0.2448,0
2025-09-15T23:05:12.358928,4508.82,1.4431,4510.32,0.2448,0
2025-09-15T23:05:12.482247,4508.82,1.4431,4510.32,0.2448,0
2025-09-15T23:05:12.579118,4508.82,1.4431,4510.32,0.2448,0
2025-09-15T23:05:12.740294,4508.82,1.4431,4510.32,0.2448,0
2025-09-15T23:05:12.768540,4508.82,1.4431,4510.32,0.2448,0
2025-09-15T23:05:12.807049,4508.82,1.4431,4510.32,0.2448,0
2025-09-15T23:05:12.809290,4508.82,1.4431,4510.32,0.2448,0
2025-09-15T23:05:12.863135,4508.82,1.4431,4510.32,0.2448,0
2025-09-15T23:05:12.905438,4508.82,1.4431,4510.32,0.2448,0
2025-09-15T23:05:12.912809,4508.82,1.4431,4510.32,0.2448,0
2025-09-15T23:05:12.978982,4508.82,1.4431,4510.32,0.2448,0
2025-09-15T23:05:13.003241,4508.82,1.4431,4510.32,0.2448,0
2025-09-15T23:05:13.019164,4508.82,5.8831,4510.32,0.2448,0
2025-09-15T23:05:13.046021,4508.82,5.8831,4510.32,0.2448,0
2025-09-15T23:05:13.092242,4508.82,5.8831,4510.32,0.2448,0
2025-09-15T23:05:13.105273,4508.82,5.8831,4510.32,0.2448,0
2025-09-15T23:05:13.127510,4508.82,1.4431,4510.32,0.2448,0
2025-09-15T23:05:13.150957,4508.82,1.4431,4510.32,0.2448,0
2025-09-15T23:05:13.213221,4508.82,1.4431,4510.32,0.2448,0
2025-09-15T23:05:13.219193,4508.82,1.4431,4510.32,0.2448,0
2025-09-15T23:05:13.243398,4508.82,1.4431,4510.32,0.2448,0
2025-09-15T23:05:13.254738,4508.82,1.4431,4510.32,0.2448,0
2025-09-15T23:05:13.269959,4508.82,1.4431,4510.32,0.2448,0
2025-09-15T23:05:13.282558,4508.82,1.4431,4510.32,0.2448,0
2025-09-15T23:05:13.318520,4508.82,1.4431,4510.32,0.2448,0
2025-09-15T23:05:13.328667,4508.82,1.4431,4510.32,0.2448,0
2025-09-15T23:05:13.350029,4508.82,1.4431,4510.32,0.2448,0
2025-09-15T23:05:13.365146,4508.82,1.4431,4510.32,0.2448,0
2025-09-15T23:05:13.424504,4508.82,1.4431,4510.32,0.2448,0
2025-09-15T23:05:13.435899,4508.82,1.4431,4510.32,0.2448,0
2025-09-15T23:05:13.479090,4508.82,1.4431,4510.32,0.2448,0
2025-09-15T23:05:13.611663,4508.82,1.4431,4510.32,0.2448,0
2025-09-15T23:05:13.614398,4508.82,1.4431,4510.32,0.2448,0
2025-09-15T23:05:13.686584,4508.82,1.4431,4510.32,0.2448,0
2025-09-15T23:05:13.690123,4508.82,1.4431,4510.32,0.2448,0
2025-09-15T23:05:13.752365,4508.82,1.4431,4510.32,0.2448,0
2025-09-15T23:05:13.764460,4508.82,1.4431,4510.32,0.2448,0
2025-09-15T23:05:13.773241,4508.82,1.4431,4510.32,0.2448,0
2025-09-15T23:05:13.787660,4508.82,1.4431,4510.32,0.2448,0
2025-09-15T23:05:13.863820,4508.82,1.4431,4510.32,0.2448,0
2025-09-15T23:05:13.895043,4508.82,1.4431,4510.32,0.2448,0
2025-09-15T23:05:13.900895,4508.82,1.4431,4510.32,0.2448,0
2025-09-15T23:05:13.916566,4508.82,1.4431,4510.32,0.2448,0
2025-09-15T23:05:13.965053,4508.82,1.4431,4510.32,0.2448,0
2025-09-15T23:05:13.988756,4508.82,1.4431,4510.32,0.2448,0
2025-09-15T23:05:14.026966,4508.82,1.4431,4510.32,0.2448,0
2025-09-15T23:05:14.079136,4508.82,1.4431,4510.32,0.2448,0
2025-09-15T23:05:14.158164,4508.82,1.4431,4510.32,0.2448,0
2025-09-15T23:05:14.229197,4508.82,1.4431,4510.32,0.2448,0
2025-09-15T23:05:14.249211,4508.82,1.4431,4510.32,0.2448,0
2025-09-15T23:05:14.271628,4508.82,1.4431,4510.32,0.2448,0
2025-09-15T23:05:14.274963,4508.82,1.4431,4510.32,0.2448,0
2025-09-15T23:05:14.279822,4508.82,1.4431,4510.32,0.2448,0
2025-09-15T23:05:14.308632,4508.82,1.4431,4510.32,0.2448,0
2025-09-15T23:05:14.315756,4508.82,1.4431,4510.32,0.2448,0
2025-09-15T23:05:14.338113,4508.82,1.4431,4510.32,0.2448,0
2025-09-15T23:05:14.348606,4508.82,1.4431,4510.32,0.2448,0
2025-09-15T23:05:14.372331,4508.82,1.4431,4510.32,0.2448,0
2025-09-15T23:05:14.414564,4508.82,1.4431,4510.32,0.2448,0
2025-09-15T23:05:14.423023,4508.82,1.4431,4510.32,0.2448,0
2025-09-15T23:05:14.474961,4508.82,1.4431,4510.32,0.2448,0
2025-09-15T23:05:14.527360,4508.82,1.4431,4510.32,0.2448,0
2025-09-15T23:05:14.538131,4508.82,1.4431,4510.32,0.2448,0
2025-09-15T23:05:14.540239,4508.82,1.4431,4510.32,0.2448,0
2025-09-15T23:05:14.619843,4508.82,1.4431,4510.32,0.2448,0
2025-09-15T23:05:14.636476,4508.82,1.4431,4510.32,0.2448,0
2025-09-15T23:05:14.646121,4508.82,1.4431,4510.32,0.2448,0
2025-09-15T23:05:14.704611,4508.82,1.4431,4510.32,0.2448,0
2025-09-15T23:05:14.706680,4508.82,1.4431,4510.32,0.2448,0
2025-09-15T23:05:14.776376,4508.82,1.4431,4510.32,0.2448,0
2025-09-15T23:05:14.781886,4508.82,1.4431,4510.32,0.2448,0
2025-09-15T23:05:14.826907,4508.82,1.4431,4510.32,0.2448,0
2025-09-15T23:05:14.830881,4508.82,1.4431,4510.32,0.2448,0
2025-09-15T23:05:14.876450,4508.82,1.4431,4510.32,0.2448,0
2025-09-15T23:05:14.966117,4508.82,1.4431,4510.32,0.2448,0
2025-09-15T23:05:14.968532,4508.82,1.4431,4510.32,0.2448,0
2025-09-15T23:05:14.971571,4508.82,1.4431,4510.32,0.2448,0
2025-09-15T23:05:14.975272,4508.82,1.4431,4510.32,0.2448,0
2025-09-15T23:05:14.977318,4508.82,1.4431,4510.32,0.2448,0
2025-09-15T23:05:15.018870,4508.82,1.4431,4510.32,0.2448,0
2025-09-15T23:05:15.035264,4508.82,1.4431,4510.32,0.2448,0
2025-09-15T23:05:15.062448,4508.82,1.4431,4510.32,0.2448,0
2025-09-15T23:05:15.090415,4508.82,1.4431,4510.32,0.2448,0
2025-09-15T23:05:15.123778,4508.82,1.4431,4510.32,0.2448,0
2025-09-15T23:05:15.130849,4508.82,1.4431,4510.32,0.2448,0
2025-09-15T23:05:15.156451,4508.82,1.4431,4510.32,0.2448,0
2025-09-15T23:05:15.161872,4508.82,1.4431,4510.32,0.2448,0
2025-09-15T23:05:15.167137,4508.82,1.4431,4510.32,0.2448,0
2025-09-15T23:05:15.222595,4508.82,1.4431,4510.32,0.2448,0
2025-09-15T23:05:15.224181,4508.82,1.4431,4510.32,0.2448,0
2025-09-15T23:05:15.249141,4508.82,1.4431,4510.32,0.2448,0
2025-09-15T23:05:15.255481,4508.82,1.4431,4510.32,0.2448,0
2025-09-15T23:05:15.269599,4508.82,1.4431,4510.32,0.2448,0
2025-09-15T23:05:15.274225,4508.82,1.4431,4510.32,0.2448,0
2025-09-15T23:05:15.291457,4508.82,1.4431,4510.32,0.2448,0
2025-09-15T23:05:15.304799,4508.82,1.4431,4510.32,0.2448,0
2025-09-15T23:05:15.318567,4508.82,1.4431,4510.32,0.2448,0
2025-09-15T23:05:15.320463,4508.82,1.4431,4510.32,0.2448,0
2025-09-15T23:05:15.337961,4508.82,1.4431,4510.32,0.2448,0
2025-09-15T23:05:15.343293,4508.82,1.4431,4510.32,0.2448,0
2025-09-15T23:05:15.354267,4508.82,1.4431,4510.32,0.2448,0
2025-09-15T23:05:15.363674,4508.82,1.4431,4510.32,0.2448,0
2025-09-15T23:05:15.396308,4508.82,1.4431,4510.32,0.2448,0
2025-09-15T23:05:15.409055,4508.82,1.4431,4510.32,0.2448,0
2025-09-15T23:05:15.425254,4508.82,1.4431,4510.32,0.2448,0
2025-09-15T23:05:15.484626,4508.82,1.4431,4510.32,0.2448,0
2025-09-15T23:05:15.603071,4508.82,1.4431,4510.32,0.2448,0
2025-09-15T23:05:15.648371,4508.82,1.4431,4510.32,0.2448,0
2025-09-15T23:05:15.802036,4508.82,1.4431,4510.32,0.2448,0
2025-09-15T23:05:15.866701,4508.82,1.4431,4510.32,0.2448,0
2025-09-15T23:05:15.897647,4508.82,1.4431,4510.32,0.2448,0
2025-09-15T23:05:15.959356,4508.82,1.4431,4510.32,0.2448,0
2025-09-15T23:05:15.962570,4508.82,1.4431,4510.32,0.2448,0
2025-09-15T23:05:15.999315,4508.82,1.4431,4510.32,0.2448,0
2025-09-15T23:05:16.030673,4508.82,1.4431,4510.32,0.2448,0
2025-09-15T23:05:16.033778,4508.82,1.4431,4510.32,0.2448,0
2025-09-15T23:05:16.073802,4508.82,1.4431,4510.32,0.2448,0
2025-09-15T23:05:16.100689,4508.82,1.4431,4510.32,0.2448,0
2025-09-15T23:05:16.111499,4508.82,1.4431,4510.32,0.2448,0
2025-09-15T23:05:16.137812,4508.82,1.4431,4510.32,0.2448,0
2025-09-15T23:05:16.139509,4508.82,1.4431,4510.32,0.2448,0
2025-09-15T23:05:16.173212,4508.82,1.4431,4510.32,0.2448,0
2025-09-15T23:05:16.207516,4508.82,1.4431,4510.32,0.2448,0
2025-09-15T23:05:16.213471,4508.82,1.4431,4510.32,0.2448,0
2025-09-15T23:05:16.215843,4508.82,1.4431,4510.32,0.2448,0
2025-09-15T23:05:16.582678,4508.82,1.4431,4510.32,0.2448,0
2025-09-15T23:05:16.588267,4508.82,1.4431,4510.32,0.2448,0
2025-09-15T23:05:16.614651,4508.82,1.4431,4510.32,0.2448,0
2025-09-15T23:05:16.638579,4508.82,1.4431,4510.32,0.2448,0
2025-09-15T23:05:16.653384,4508.82,1.4431,4510.32,0.2448,0
2025-09-15T23:05:16.664210,4508.82,1.4431,4510.32,0.2448,0
2025-09-15T23:05:16.690474,4508.82,1.4431,4510.32,0.2448,0
2025-09-15T23:05:16.718079,4508.82,1.4431,4510.32,0.2448,0
2025-09-15T23:05:16.721515,4508.82,1.4431,4510.32,0.2448,0
2025-09-15T23:05:16.733063,4508.82,1.4431,4510.32,0.2448,0
2025-09-15T23:05:16.738476,4508.82,1.4431,4510.32,0.2448,0
2025-09-15T23:05:16.742983,4508.82,1.4431,4510.32,0.2448,0
2025-09-15T23:05:16.887729,4508.82,1.4431,4510.32,0.2448,0
2025-09-15T23:05:16.895906,4508.82,1.4431,4510.32,0.2448,0
2025-09-15T23:05:16.985904,4508.82,1.4431,4510.32,0.2448,0
2025-09-15T23:05:17.024244,4508.82,1.4431,4510.32,0.2448,0
2025-09-15T23:05:17.094822,4508.82,1.4431,4510.32,0.2448,0
2025-09-15T23:05:17.097740,4508.82,1.4431,4510.32,0.2448,0
2025-09-15T23:05:17.102064,4508.82,1.4431,4510.32,0.2448,0
2025-09-15T23:05:17.143112,4508.82,1.4431,4510.32,0.2448,0
2025-09-15T23:05:17.198658,4508.82,1.4431,4510.32,0.2448,0
2025-09-15T23:05:17.215016,4508.82,1.4431,4510.32,0.2448,0
2025-09-15T23:05:17.310807,4508.82,1.4431,4510.32,0.2448,0
2025-09-15T23:05:17.326639,4508.82,1.4431,4510.32,0.2448,0
2025-09-15T23:05:17.339202,4508.82,1.4431,4510.32,0.2448,0
2025-09-15T23:05:17.353732,4508.82,1.4431,4510.32,0.2448,0
2025-09-15T23:05:17.400411,4508.82,1.4431,4510.32,0.2448,0
2025-09-15T23:05:17.461347,4508.82,1.4431,4510.32,0.2448,0
2025-09-15T23:05:17.565495,4508.82,1.4431,4510.32,0.2448,0
2025-09-15T23:05:17.604618,4508.82,1.4431,4510.32,0.2448,0
2025-09-15T23:05:17.605718,4508.82,1.4431,4510.32,0.2448,0
2025-09-15T23:05:17.693034,4508.82,1.4431,4510.32,0.2448,0
2025-09-15T23:05:17.694288,4508.82,1.4431,4510.32,0.2448,0
2025-09-15T23:05:17.739807,4508.82,1.4431,4510.32,0.2448,0
2025-09-15T23:05:17.749201,4508.82,1.4431,4510.32,0.2448,0
2025-09-15T23:05:17.766308,4508.82,1.4431,4510.32,0.2448,0
2025-09-15T23:05:17.775440,4508.82,1.4431,4510.32,0.2448,0
2025-09-15T23:05:17.789498,4508.82,1.4431,4510.32,0.2448,0
2025-09-15T23:05:17.796124,4508.82,1.4431,4510.32,0.2448,0
2025-09-15T23:05:17.805561,4508.82,1.4431,4510.32,0.2448,0
2025-09-15T23:05:17.826037,4508.82,1.4431,4510.32,0.2448,0
2025-09-15T23:05:17.832936,4508.82,1.4431,4510.32,0.2448,0
2025-09-15T23:05:17.845717,4508.82,1.4431,4510.32,0.2448,0
2025-09-15T23:05:17.853834,4508.82,1.4431,4510.32,0.2448,0
2025-09-15T23:05:17.883435,4508.82,1.4431,4510.32,0.2448,0
2025-09-15T23:05:17.890275,4508.82,1.4431,4510.32,0.2448,0
2025-09-15T23:05:17.942099,4508.82,1.4431,4510.32,0.2448,0
2025-09-15T23:05:17.976818,4508.82,1.4431,4510.32,0.2448,0
2025-09-15T23:05:17.993828,4508.82,1.4431,4510.32,0.2448,0
2025-09-15T23:05:18.121052,4508.82,1.4431,4510.32,0.2448,0
2025-09-15T23:05:18.137642,4508.82,1.4431,4510.32,0.2448,0
2025-09-15T23:05:18.213610,4508.82,1.4431,4510.32,0.2448,0
2025-09-15T23:05:18.233080,4508.82,1.4431,4510.32,0.2448,0
2025-09-15T23:05:18.525639,4508.82,1.4431,4510.32,0.2448,0
2025-09-15T23:05:18.526936,4508.82,1.4431,4510.32,0.2448,0
2025-09-15T23:05:18.533595,4508.82,1.4431,4510.32,0.2448,0
2025-09-15T23:05:18.612192,4508.82,1.4431,4510.32,0.2448,0
2025-09-15T23:05:18.673477,4508.82,1.4431,4510.32,0.2448,0
2025-09-15T23:05:18.693641,4508.82,1.4431,4510.32,0.2448,0
2025-09-15T23:05:18.700049,4508.82,1.4431,4510.32,0.2448,0
2025-09-15T23:05:18.750559,4508.82,1.4431,4510.32,0.2448,0
2025-09-15T23:05:18.772504,4508.82,1.4431,4510.32,0.2448,0
2025-09-15T23:05:18.793293,4508.82,1.4431,4510.32,0.2448,0
2025-09-15T23:05:19.062589,4508.82,1.4431,4510.32,0.2448,0
2025-09-15T23:05:19.064504,4508.82,1.4431,4510.32,0.2448,0
2025-09-15T23:05:19.138960,4508.82,1.4431,4510.32,0.2448,0
2025-09-15T23:05:19.164151,4508.82,1.4431,4510.32,0.2448,0
2025-09-15T23:05:19.209884,4508.82,1.4431,4510.32,0.2448,0
2025-09-15T23:05:19.211710,4508.82,1.4431,4510.32,0.2448,0
2025-09-15T23:05:19.260493,4508.82,1.4431,4510.32,0.2448,0
2025-09-15T23:05:19.355492,4508.82,1.4431,4510.32,0.2448,0
2025-09-15T23:05:19.360305,4508.82,1.4431,4510.32,0.2448,0
2025-09-15T23:05:19.387904,4508.82,1.4431,4510.32,0.2448,0
2025-09-15T23:05:19.421353,4508.82,1.4431,4510.32,0.2448,0
2025-09-15T23:05:19.438892,4508.82,1.4431,4510.32,0.2448,0
2025-09-15T23:05:19.471954,4508.82,1.4431,4510.32,0.2448,0
2025-09-15T23:05:19.478324,4508.82,1.4431,4510.32,0.2448,0
2025-09-15T23:05:19.493355,4508.82,1.4431,4510.32,0.2448,0
2025-09-15T23:05:19.548097,4508.82,1.4431,4510.32,0.2448,0
2025-09-15T23:05:19.554504,4508.82,1.4431,4510.32,0.2448,0
2025-09-15T23:05:19.672679,4508.82,1.4431,4510.32,0.2448,0
2025-09-15T23:05:19.691670,4508.82,1.4431,4510.32,0.2448,0
2025-09-15T23:05:19.715560,4508.82,1.4431,4510.32,0.2448,0
2025-09-15T23:05:19.764673,4508.82,1.4431,4510.32,0.2448,0
2025-09-15T23:05:19.827801,4508.82,1.4431,4510.32,0.2448,0
2025-09-15T23:05:19.930349,4508.82,1.4431,4510.32,0.2448,0
2025-09-15T23:05:20.035618,4508.82,1.4431,4510.32,0.2448,0
2025-09-15T23:05:20.063579,4508.82,1.4431,4510.4,0.01,0
2025-09-15T23:05:20.081385,4508.82,1.4431,4510.4,0.01,0
2025-09-15T23:05:20.091838,4508.82,1.4431,4510.4,0.01,0
2025-09-15T23:05:20.106358,4508.82,1.4431,4510.4,0.01,0
2025-09-15T23:05:20.162781,4508.82,1.4431,4510.4,0.01,0
2025-09-15T23:05:20.168537,4508.82,1.4431,4510.4,0.01,0
2025-09-15T23:05:20.215103,4508.82,1.4431,4510.4,0.01,0
2025-09-15T23:05:20.233525,4508.82,1.4431,4510.4,0.01,0
2025-09-15T23:05:20.235062,4508.82,1.4431,4510.4,0.01,0
2025-09-15T23:05:20.264727,4508.82,1.4431,4510.4,0.01,0
2025-09-15T23:05:20.269298,4508.82,1.4431,4510.4,0.01,0
2025-09-15T23:05:20.299447,4508.82,1.4431,4510.4,0.01,0
2025-09-15T23:05:20.335528,4508.82,1.4431,4510.4,0.01,0
2025-09-15T23:05:20.377142,4508.82,1.4431,4510.4,0.01,0
2025-09-15T23:05:20.564234,4508.82,1.4431,4510.4,0.01,0
2025-09-15T23:05:20.633684,4508.82,1.4431,4510.4,0.01,0
2025-09-15T23:05:20.759295,4508.82,1.4431,4510.4,0.01,0
2025-09-15T23:05:20.842065,4508.82,1.4431,4510.4,0.01,0
2025-09-15T23:05:20.844106,4508.82,1.4431,4510.4,0.01,0
2025-09-15T23:05:20.867242,4508.82,1.4431,4510.4,0.01,0
2025-09-15T23:05:20.895822,4508.82,1.4431,4510.4,0.01,0
2025-09-15T23:05:21.202591,4508.82,1.4431,4510.4,0.01,0
2025-09-15T23:05:21.218374,4508.82,1.4431,4510.4,0.01,0
2025-09-15T23:05:21.222696,4508.82,1.4431,4510.4,0.01,0
2025-09-15T23:05:21.239839,4508.82,1.4431,4510.4,0.01,0
2025-09-15T23:05:21.243650,4508.82,1.4431,4510.4,0.01,0
2025-09-15T23:05:21.248195,4508.82,1.4431,4510.4,0.01,0
2025-09-15T23:05:21.333805,4508.82,1.4431,4510.4,0.01,0
2025-09-15T23:05:21.361896,4508.82,1.4431,4510.4,0.01,0
2025-09-15T23:05:21.512523,4508.82,1.4431,4510.4,0.01,0
2025-09-15T23:05:21.554335,4508.82,1.4431,4510.4,0.01,0
2025-09-15T23:05:21.555531,4508.82,1.4431,4510.4,0.01,0
2025-09-15T23:05:21.609181,4508.82,1.4431,4510.4,0.01,0
2025-09-15T23:05:21.625408,4508.82,1.4431,4510.4,0.01,0
2025-09-15T23:05:21.652577,4508.82,1.4431,4510.4,0.01,0
2025-09-15T23:05:21.672877,4508.82,1.4431,4510.4,0.01,0
2025-09-15T23:05:21.692031,4508.82,1.4431,4510.4,0.01,0
2025-09-15T23:05:21.710843,4508.82,1.4431,4510.4,0.01,0
2025-09-15T23:05:21.725850,4508.82,1.4431,4510.4,0.01,0
2025-09-15T23:05:21.790694,4508.82,1.4431,4510.4,0.01,0
2025-09-15T23:05:21.812658,4508.82,1.4431,4510.4,0.01,0
2025-09-15T23:05:21.835182,4508.82,1.4431,4510.4,0.01,0
2025-09-15T23:05:21.868387,4508.82,1.4431,4510.4,0.01,0
2025-09-15T23:05:21.907279,4508.82,1.4431,4510.4,0.01,0
2025-09-15T23:05:21.923599,4508.82,1.4431,4510.4,0.01,0
2025-09-15T23:05:22.064218,4508.82,1.4431,4510.4,0.01,0
2025-09-15T23:05:22.307316,4508.82,1.4431,4510.4,0.01,0
2025-09-15T23:05:22.381933,4508.82,1.4431,4510.4,0.01,0
2025-09-15T23:05:22.502721,4508.82,1.4431,4510.4,0.01,0
2025-09-15T23:05:22.518728,4508.82,1.4431,4510.4,0.01,0
2025-09-15T23:05:22.534453,4508.82,1.4431,4510.4,0.01,0
2025-09-15T23:05:22.604099,4508.82,1.4431,4510.4,0.01,0
2025-09-15T23:05:22.623901,4508.82,1.4431,4510.4,0.01,0
2025-09-15T23:05:22.638881,4508.82,1.4431,4510.4,0.01,0
2025-09-15T23:05:22.644522,4508.82,1.4431,4510.4,0.01,0
2025-09-15T23:05:22.690093,4508.82,1.4431,4510.4,0.01,0
2025-09-15T23:05:22.868732,4508.82,1.4431,4510.4,0.01,0
2025-09-15T23:05:22.890831,4508.82,1.4431,4510.4,0.01,0
2025-09-15T23:05:22.938644,4508.82,1.4431,4510.4,0.01,0
2025-09-15T23:05:22.940930,4508.82,1.4431,4510.4,0.01,0
2025-09-15T23:05:22.972504,4508.82,1.4431,4510.4,0.01,0
2025-09-15T23:05:22.991793,4508.82,1.4431,4510.4,0.01,0
2025-09-15T23:05:22.995299,4508.82,1.4431,4510.4,0.01,0
2025-09-15T23:05:23.010475,4508.82,1.4431,4510.4,0.01,0
2025-09-15T23:05:23.034278,4508.82,1.4431,4510.4,0.01,0
2025-09-15T23:05:23.038094,4508.82,1.4431,4510.4,0.01,0
2025-09-15T23:05:23.242644,4508.82,1.4431,4510.4,0.01,0
2025-09-15T23:05:23.257810,4508.82,1.4431,4510.4,0.01,0
2025-09-15T23:05:23.318810,4508.82,1.4431,4510.4,0.01,0
2025-09-15T23:05:23.328953,4508.82,1.4431,4510.4,0.01,0
2025-09-15T23:05:23.357248,4508.82,1.4431,4510.4,0.01,0
2025-09-15T23:05:23.369847,4508.82,1.4431,4510.4,0.01,0
2025-09-15T23:05:23.413865,4508.82,1.4431,4510.4,0.01,0
2025-09-15T23:05:23.436146,4508.82,1.4431,4510.4,0.01,0
2025-09-15T23:05:23.448533,4508.82,1.4431,4510.4,0.01,0
2025-09-15T23:05:23.459445,4508.82,1.4431,4510.4,0.01,0
2025-09-15T23:05:23.477539,4508.82,1.4431,4510.4,0.01,0
2025-09-15T23:05:23.479308,4508.82,1.4431,4510.4,0.01,0
2025-09-15T23:05:23.492457,4508.82,1.4431,4510.4,0.01,0
2025-09-15T23:05:23.502322,4508.82,1.4431,4510.4,0.01,0
2025-09-15T23:05:23.523367,4508.82,1.4431,4510.4,0.01,0
2025-09-15T23:05:23.556975,4508.82,1.4431,4510.4,0.01,0
2025-09-15T23:05:23.561572,4508.82,1.4431,4510.4,0.01,0
2025-09-15T23:05:23.564897,4508.82,1.4431,4510.4,0.01,0
2025-09-15T23:05:23.587266,4508.82,1.4431,4510.4,0.01,0
2025-09-15T23:05:23.610425,4508.82,1.4431,4510.4,0.01,0
2025-09-15T23:05:23.630721,4508.82,1.4431,4510.4,0.01,0
2025-09-15T23:05:23.640588,4508.82,1.4431,4510.4,0.01,0
2025-09-15T23:05:23.649248,4508.82,1.4431,4510.4,0.01,0
2025-09-15T23:05:23.665091,4508.82,1.4431,4510.4,0.01,0
2025-09-15T23:05:23.676735,4508.82,1.4431,4510.4,0.01,0
2025-09-15T23:05:23.774936,4508.82,1.4431,4510.4,0.01,0
2025-09-15T23:05:23.827047,4508.82,1.4431,4510.4,0.01,0
2025-09-15T23:05:23.828683,4508.82,1.4431,4510.4,0.01,0
2025-09-15T23:05:23.841760,4508.82,1.4431,4510.4,0.01,0
2025-09-15T23:05:23.866381,4508.82,1.4431,4510.4,0.01,0
2025-09-15T23:05:23.891257,4508.82,1.4431,4510.4,0.01,0
2025-09-15T23:05:23.906843,4508.82,1.4431,4510.4,0.01,0
2025-09-15T23:05:23.928425,4508.82,1.4431,4510.4,0.01,0
2025-09-15T23:05:23.933920,4508.82,1.4431,4510.4,0.01,0
2025-09-15T23:05:24.026663,4508.82,5.8831,4510.4,0.01,0
2025-09-15T23:05:24.055390,4508.82,5.8831,4510.4,0.01,0
2025-09-15T23:05:24.126556,4508.82,1.4431,4510.4,0.01,0
2025-09-15T23:05:24.144163,4508.82,1.4431,4510.4,0.01,0
2025-09-15T23:05:24.207130,4508.82,1.4431,4510.4,0.01,0
2025-09-15T23:05:24.311406,4508.82,1.4431,4510.4,0.01,0
2025-09-15T23:05:24.386140,4508.82,1.4431,4510.4,0.01,0
2025-09-15T23:05:24.415185,4508.82,1.4431,4510.4,0.01,0
2025-09-15T23:05:24.433733,4508.82,1.4431,4510.4,0.01,0
2025-09-15T23:05:24.550605,4508.82,1.4431,4510.4,0.01,0
2025-09-15T23:05:24.650214,4508.82,1.4431,4510.4,0.01,0
2025-09-15T23:05:24.723942,4508.82,1.4431,4510.4,0.01,0
2025-09-15T23:05:24.729532,4508.82,1.4431,4510.4,0.01,0
2025-09-15T23:05:24.760229,4508.82,1.4431,4510.4,0.01,0
2025-09-15T23:05:24.831606,4508.82,1.4431,4510.4,0.01,0
2025-09-15T23:05:24.947098,4508.82,1.4431,4510.4,0.01,0
2025-09-15T23:05:24.965158,4508.82,1.4431,4510.4,0.01,0
2025-09-15T23:05:25.007016,4508.82,1.4431,4510.4,0.01,0
2025-09-15T23:05:25.034351,4508.82,1.4431,4510.4,0.01,0
2025-09-15T23:05:25.069541,4508.82,1.4431,4510.4,0.01,0
2025-09-15T23:05:25.089118,4508.82,1.4431,4510.4,0.01,0
2025-09-15T23:05:25.133792,4508.82,1.4431,4510.4,0.01,0
2025-09-15T23:05:25.333512,4508.82,1.4431,4510.4,0.01,0
2025-09-15T23:05:25.343889,4508.82,1.4431,4510.4,0.01,0
2025-09-15T23:05:25.454238,4508.82,1.4431,4510.4,0.01,0
2025-09-15T23:05:25.460407,4508.82,1.4431,4510.4,0.01,0
2025-09-15T23:05:25.478094,4508.82,1.4431,4510.4,0.01,0
2025-09-15T23:05:25.500590,4508.82,1.4431,4510.4,0.01,0
2025-09-15T23:05:25.541353,4508.82,1.4431,4510.4,0.01,0
2025-09-15T23:05:25.566021,4508.82,1.4431,4510.4,0.01,0
2025-09-15T23:05:25.582618,4508.82,1.4431,4510.4,0.01,0
2025-09-15T23:05:25.670977,4508.82,1.4431,4510.4,0.01,0
2025-09-15T23:05:25.685975,4508.82,1.4431,4510.4,0.01,0
2025-09-15T23:05:25.716807,4508.82,1.4431,4510.4,0.01,0
2025-09-15T23:05:25.720964,4508.82,1.4431,4510.4,0.01,0
2025-09-15T23:05:25.725290,4508.82,1.4431,4510.4,0.01,0
2025-09-15T23:05:25.729391,4508.82,1.4431,4510.4,0.01,0
2025-09-15T23:05:25.788368,4508.82,1.4431,4510.4,0.01,0
2025-09-15T23:05:25.891662,4508.82,1.4431,4510.4,0.01,0
2025-09-15T23:05:25.970631,4508.82,1.4431,4510.4,0.01,0
2025-09-15T23:05:25.992246,4508.82,1.4431,4510.4,0.01,0
2025-09-15T23:05:26.026025,4508.82,1.4431,4510.4,0.01,0
2025-09-15T23:05:26.031022,4508.82,1.4431,4510.4,0.01,0
2025-09-15T23:05:26.072950,4508.82,1.4431,4510.4,0.01,0
2025-09-15T23:05:26.074382,4508.82,1.4431,4510.4,0.01,0
2025-09-15T23:05:26.078125,4508.82,1.4431,4510.4,0.01,0
2025-09-15T23:05:26.087794,4508.82,1.4431,4510.4,0.01,0
2025-09-15T23:05:26.154068,4508.82,1.4431,4510.4,0.01,0
2025-09-15T23:05:26.336940,4508.82,1.4431,4510.4,0.01,0
2025-09-15T23:05:26.365169,4508.82,1.4431,4510.4,0.01,0
2025-09-15T23:05:26.371988,4508.82,1.4431,4510.4,0.01,0
2025-09-15T23:05:26.399889,4508.82,1.4431,4510.4,0.01,0
2025-09-15T23:05:26.435095,4508.82,1.4431,4510.4,0.01,0
2025-09-15T23:05:26.437974,4508.82,1.4431,4510.4,0.01,0
2025-09-15T23:05:26.479156,4508.82,1.4431,4510.4,0.01,0
2025-09-15T23:05:26.520589,4508.82,1.4431,4510.4,0.01,0
2025-09-15T23:05:26.630586,4508.82,1.4431,4510.4,0.01,0
2025-09-15T23:05:26.830830,4508.82,1.4431,4510.4,0.01,0
2025-09-15T23:05:26.846921,4508.82,1.4431,4510.4,0.01,0
2025-09-15T23:05:26.848974,4508.82,1.4431,4510.4,0.01,0
2025-09-15T23:05:26.875493,4508.82,1.4431,4510.4,0.01,0
2025-09-15T23:05:26.972861,4508.82,1.4431,4510.4,0.01,0
2025-09-15T23:05:27.070106,4508.82,1.4431,4510.4,0.01,0
2025-09-15T23:05:27.090664,4508.82,1.4431,4510.4,0.01,0
2025-09-15T23:05:27.092090,4508.82,1.4431,4510.4,0.01,0
2025-09-15T23:05:27.114199,4508.82,1.4431,4510.4,0.01,0
2025-09-15T23:05:27.130613,4508.82,1.4431,4510.4,0.01,0
2025-09-15T23:05:27.144326,4508.82,1.4431,4510.4,0.01,0
2025-09-15T23:05:27.173984,4508.82,1.4431,4510.4,0.01,0
2025-09-15T23:05:27.187410,4508.82,1.4431,4510.4,0.01,0
2025-09-15T23:05:27.222261,4508.82,1.4431,4510.4,0.01,0
2025-09-15T23:05:27.274811,4508.82,1.4431,4510.4,0.01,0
2025-09-15T23:05:27.281401,4508.82,1.4431,4510.4,0.01,0
2025-09-15T23:05:27.306406,4508.82,1.4431,4510.4,0.01,0
2025-09-15T23:05:27.312303,4508.82,1.4431,4510.4,0.01,0
2025-09-15T23:05:27.408958,4508.82,1.4431,4510.4,0.01,0
2025-09-15T23:05:27.425476,4508.82,1.4431,4510.4,0.01,0
2025-09-15T23:05:27.469300,4508.82,1.4431,4510.4,0.01,0
2025-09-15T23:05:27.573290,4508.82,1.4431,4510.4,0.01,0
2025-09-15T23:05:27.607257,4508.82,1.4431,4510.4,0.01,0
2025-09-15T23:06:25.576872,4507.27,1.2268,4507.58,10.099,0
2025-09-15T23:06:25.577999,4507.27,1.2268,4507.58,10.099,0
2025-09-15T23:06:25.578936,4507.27,1.2268,4507.58,10.099,0
2025-09-15T23:06:25.579844,4507.27,1.2268,4507.58,10.099,0
2025-09-15T23:06:25.580609,4507.27,1.2268,4507.58,10.099,0
2025-09-15T23:06:25.581534,4507.2,0.6,4507.58,10.099,0
2025-09-15T23:06:25.582510,4507.2,0.6,4507.58,10.099,0
2025-09-15T23:06:25.583530,4507.2,0.6,4507.58,10.099,0
2025-09-15T23:06:25.584794,4507.2,0.6,4507.58,10.099,0
2025-09-15T23:06:25.585794,4507.2,0.6,4507.58,10.099,0
2025-09-15T23:06:25.881442,4507.2,0.6,4507.58,10.099,0
2025-09-15T23:06:25.892182,4507.2,0.6,4508.24,3.3158,0
2025-09-15T23:06:25.893473,4507.2,0.6,4508.24,3.3158,0
2025-09-15T23:06:25.894684,4507.2,0.6,4508.24,3.3158,0
2025-09-15T23:06:25.896357,4507.2,0.6,4508.24,3.3158,0
2025-09-15T23:06:25.898057,4507.2,0.6,4508.24,3.3158,0
2025-09-15T23:06:25.899366,4507.2,0.6,4508.24,3.3158,0
2025-09-15T23:06:25.900911,4507.2,0.6,4508.24,3.3158,0
2025-09-15T23:06:25.903167,4507.2,0.6,4508.24,3.3158,0
2025-09-15T23:06:25.904356,4507.2,0.6,4508.24,3.3158,0
2025-09-15T23:06:25.905923,4507.2,0.6,4508.24,3.3158,0
2025-09-15T23:06:25.922065,4507.2,0.6,4508.24,3.3158,0
2025-09-15T23:06:25.927049,4507.2,0.6,4508.24,3.3158,0
2025-09-15T23:06:25.932278,4507.2,0.6,4508.24,3.3158,0
2025-09-15T23:06:25.933216,4507.2,0.6,4508.24,3.3158,0
2025-09-15T23:06:25.937450,4507.2,0.6,4508.24,3.3158,0
2025-09-15T23:06:25.939673,4507.2,0.6,4508.24,3.3158,0
2025-09-15T23:06:25.941626,4507.2,0.6,4508.24,3.3158,0
2025-09-15T23:06:25.943660,4507.2,0.6,4508.24,3.3158,0
2025-09-15T23:06:25.945727,4507.2,0.6,4508.24,3.3158,0
2025-09-15T23:06:25.946925,4507.2,0.6,4508.24,3.3158,0
2025-09-15T23:06:25.948026,4507.2,0.6,4508.24,3.3158,0
2025-09-15T23:06:25.949124,4507.2,0.6,4508.24,3.3158,0
2025-09-15T23:06:25.952084,4507.2,0.6,4508.24,3.3158,0
2025-09-15T23:06:25.953470,4507.2,0.6,4508.24,3.3158,0
2025-09-15T23:06:25.954449,4507.2,0.6,4508.24,3.3158,0
2025-09-15T23:06:25.955774,4507.2,0.6,4508.24,3.3158,0
2025-09-15T23:06:25.957655,4507.2,0.6,4508.24,3.3158,0
2025-09-15T23:06:25.958938,4507.2,0.6,4508.24,3.3158,0
2025-09-15T23:06:25.959796,4507.2,0.6,4508.24,3.3158,0
2025-09-15T23:06:25.964025,4507.2,0.6,4508.24,3.3158,0
2025-09-15T23:06:25.964857,4507.2,0.6,4508.24,3.3158,0
2025-09-15T23:06:25.968479,4507.2,0.6,4508.24,3.3158,0
2025-09-15T23:06:25.970424,4507.2,0.6,4508.24,3.3158,0
2025-09-15T23:06:25.971218,4507.2,0.6,4508.24,3.3158,0
2025-09-15T23:06:25.973010,4507.2,0.6,4508.24,3.3158,0
2025-09-15T23:06:25.974051,4507.2,0.6,4508.24,3.3158,0
2025-09-15T23:06:25.975196,4507.2,0.6,4508.24,3.3158,0
2025-09-15T23:06:25.976169,4507.2,0.6,4508.24,3.3158,0
2025-09-15T23:06:25.977711,4507.2,0.6,4508.24,3.3158,0
2025-09-15T23:06:26.018637,4507.2,0.6,4508.24,3.3158,0
2025-09-15T23:06:26.020966,4507.2,0.6,4508.24,3.3158,0
2025-09-15T23:06:26.039528,4507.2,0.6,4508.24,3.3158,0
2025-09-15T23:06:26.054862,4507.2,0.6,4508.24,3.3158,0
2025-09-15T23:06:26.068647,4507.2,0.6,4508.24,3.3158,0
2025-09-15T23:06:26.080622,4507.2,0.6,4508.24,3.3158,0
2025-09-15T23:06:26.087568,4507.2,0.6,4508.24,3.3158,0
2025-09-15T23:06:26.104494,4507.2,0.6,4508.24,3.3158,0
2025-09-15T23:06:26.114037,4507.2,0.6,4508.24,3.3158,0
2025-09-15T23:06:26.128536,4507.2,0.6,4508.24,3.3158,0
2025-09-15T23:06:26.157074,4507.2,0.6,4508.24,3.3158,0
2025-09-15T23:06:26.192999,4507.2,0.6,4508.24,3.3158,0
2025-09-15T23:06:26.204145,4507.2,0.6,4508.24,3.3158,0
2025-09-15T23:06:26.218543,4507.2,0.6,4508.24,3.3158,0
2025-09-15T23:06:26.225293,4507.2,0.6,4508.24,3.3158,0
2025-09-15T23:06:26.234105,4507.2,0.6,4508.24,3.3158,0
2025-09-15T23:06:26.256591,4507.2,0.6,4508.24,3.3158,0
2025-09-15T23:06:26.431717,4507.2,0.6,4508.24,3.3158,0
2025-09-15T23:06:26.439977,4507.2,0.6,4508.24,3.3158,0
2025-09-15T23:06:26.462280,4507.2,0.6,4508.24,3.3158,0
2025-09-15T23:06:26.521963,4507.2,0.6,4508.24,3.3158,0
2025-09-15T23:06:26.630328,4507.2,0.6,4508.24,3.3158,0
2025-09-15T23:06:26.633207,4507.2,0.6,4508.24,3.3158,0
2025-09-15T23:06:26.702268,4507.2,0.6,4508.24,3.3158,0
2025-09-15T23:06:26.848719,4507.2,0.6,4508.24,3.3158,0
2025-09-15T23:06:26.906335,4507.2,0.6,4508.24,3.3158,0
2025-09-15T23:06:27.027729,4507.2,0.6,4508.24,3.3158,0
2025-09-15T23:06:27.096028,4507.2,0.6,4508.24,3.3158,0
2025-09-15T23:06:27.123535,4507.2,0.6,4508.24,3.3158,0
2025-09-15T23:06:27.131571,4507.2,0.6,4508.24,3.3158,0
2025-09-15T23:06:27.136902,4507.2,0.6,4508.24,3.3158,0
2025-09-15T23:06:27.138642,4507.2,0.6,4508.24,3.3158,0
2025-09-15T23:06:27.175614,4507.2,0.6,4508.24,3.3158,0
2025-09-15T23:06:27.273502,4507.2,0.6,4508.24,3.3158,0
2025-09-15T23:06:27.351256,4507.2,0.6,4508.24,3.3158,0
2025-09-15T23:06:27.366735,4507.2,0.6,4508.24,3.3158,0
2025-09-15T23:06:27.620194,4507.2,0.6,4508.24,3.3158,0
2025-09-15T23:06:27.687925,4507.2,0.6,4508.24,3.3158,0
2025-09-15T23:06:27.727472,4507.2,0.6,4508.24,3.3158,0
2025-09-15T23:06:27.772607,4507.2,0.6,4508.24,3.3158,0
2025-09-15T23:06:27.804627,4507.2,0.6,4508.24,3.3158,0
2025-09-15T23:06:27.810774,4507.2,0.6,4508.24,3.3158,0
2025-09-15T23:06:27.818023,4507.2,5.04,4508.24,3.3158,0
2025-09-15T23:06:27.888436,4507.2,5.04,4508.24,3.3158,0
2025-09-15T23:06:27.905544,4507.2,5.04,4508.24,3.3158,0
2025-09-15T23:06:27.943924,4507.2,0.6,4508.24,3.3158,0
2025-09-15T23:06:27.945597,4507.2,0.6,4508.24,3.3158,0
2025-09-15T23:06:27.987547,4507.2,0.6,4508.24,3.3158,0
2025-09-15T23:06:28.137625,4507.2,0.6,4508.24,3.3158,0
2025-09-15T23:06:28.138792,4507.2,0.6,4508.24,3.3158,0
2025-09-15T23:06:28.140916,4507.2,0.6,4508.24,3.3158,0
2025-09-15T23:06:28.216979,4507.2,0.6,4508.24,3.3158,0
2025-09-15T23:06:28.594695,4507.2,0.6,4508.24,3.3158,0
2025-09-15T23:06:28.596064,4507.2,0.6,4508.24,3.3158,0
2025-09-15T23:06:28.596943,4507.2,0.6,4508.24,3.3158,0
2025-09-15T23:06:28.706822,4507.2,0.6,4508.24,3.3158,0
2025-09-15T23:06:28.732465,4507.2,0.6,4508.24,3.3158,0
2025-09-15T23:06:28.780893,4507.2,0.6,4508.24,3.3158,0
2025-09-15T23:06:28.809745,4507.2,0.6,4508.24,3.3158,0
2025-09-15T23:06:28.983804,4507.2,0.6,4508.24,3.3158,0
2025-09-15T23:06:28.992365,4507.2,0.6,4508.24,3.3158,0
2025-09-15T23:06:29.000056,4507.2,0.6,4508.24,3.3158,0
2025-09-15T23:06:29.143374,4507.2,0.6,4508.24,3.3158,0
2025-09-15T23:06:29.200878,4507.2,0.6,4508.24,3.3158,0
2025-09-15T23:06:29.330075,4507.2,0.6,4508.24,3.3158,0
2025-09-15T23:06:29.360703,4507.2,0.6,4508.24,3.3158,0
2025-09-15T23:06:29.372944,4507.2,0.6,4508.24,3.3158,0
2025-09-15T23:06:29.465620,4507.2,0.6,4508.24,3.3158,0
2025-09-15T23:06:29.570482,4507.2,0.6,4508.24,3.3158,0
2025-09-15T23:06:29.674471,4507.2,0.6,4508.24,3.3158,0
2025-09-15T23:06:29.692814,4507.2,0.6,4508.24,3.3158,0
2025-09-15T23:06:29.712020,4507.2,0.6,4508.24,3.3158,0
2025-09-15T23:06:29.723096,4507.2,0.6,4508.24,3.3158,0
2025-09-15T23:06:29.761564,4507.2,0.6,4508.24,3.3158,0
2025-09-15T23:06:29.803271,4507.2,0.6,4508.24,3.3158,0
2025-09-15T23:06:29.942608,4507.2,0.6,4508.24,3.3158,0
2025-09-15T23:06:29.976275,4507.2,0.6,4508.24,3.3158,0
2025-09-15T23:06:30.254591,4507.2,0.6,4508.24,3.3158,0
2025-09-15T23:06:30.336485,4507.2,0.6,4508.24,3.3158,0
2025-09-15T23:06:30.411130,4507.2,0.6,4508.24,3.3158,0
2025-09-15T23:06:30.463460,4507.2,0.6,4508.24,3.3158,0
2025-09-15T23:06:30.529138,4507.2,0.6,4508.24,3.3158,0
2025-09-15T23:06:30.637081,4507.2,0.6,4508.24,3.3158,0
2025-09-15T23:06:30.690846,4507.2,0.6,4508.24,3.3158,0
2025-09-15T23:06:30.708197,4507.2,0.6,4508.24,3.3158,0
2025-09-15T23:06:30.748160,4507.2,0.6,4508.24,3.3158,0
2025-09-15T23:06:30.757567,4507.2,0.6,4508.24,3.3158,0
2025-09-15T23:06:30.766824,4507.2,0.6,4508.24,3.3158,0
2025-09-15T23:06:30.774281,4507.2,0.6,4508.24,3.3158,0
2025-09-15T23:06:30.805455,4507.2,0.6,4508.24,3.3158,0
2025-09-15T23:06:30.841368,4507.2,0.6,4508.24,3.3158,0
2025-09-15T23:06:30.844767,4507.2,0.6,4508.24,3.3158,0
2025-09-15T23:06:30.867456,4507.2,0.6,4508.24,3.3158,0
2025-09-15T23:06:30.878543,4507.2,0.6,4508.24,3.3158,0
2025-09-15T23:06:30.919965,4507.2,0.6,4508.24,3.3158,0
2025-09-15T23:06:30.944606,4507.2,0.6,4508.24,3.3158,0
2025-09-15T23:06:30.958238,4507.2,0.6,4508.24,3.3158,0
2025-09-15T23:06:30.961091,4507.2,0.6,4508.24,3.3158,0
2025-09-15T23:06:30.991955,4507.2,0.6,4508.24,3.3158,0
2025-09-15T23:06:31.003505,4507.2,0.6,4508.24,3.3158,0
2025-09-15T23:06:31.028323,4507.2,0.6,4508.24,3.3158,0
2025-09-15T23:06:31.044807,4507.2,0.6,4508.24,3.3158,0
2025-09-15T23:06:31.085863,4507.2,0.6,4508.24,3.3158,0
2025-09-15T23:06:31.360626,4507.2,0.6,4508.24,3.3158,0
2025-09-15T23:06:31.364874,4507.2,0.6,4508.24,3.3158,0
2025-09-15T23:06:31.456870,4507.2,0.6,4508.24,3.3158,0
2025-09-15T23:06:31.612876,4507.2,0.6,4508.24,3.3158,0
2025-09-15T23:06:31.728638,4507.2,0.6,4508.24,3.3158,0
2025-09-15T23:06:31.916247,4507.2,0.6,4508.24,3.3158,0
2025-09-15T23:06:32.110941,4507.2,0.6,4508.24,3.3158,0
2025-09-15T23:06:32.176418,4507.2,0.6,4508.24,3.3158,0
2025-09-15T23:06:32.222225,4507.2,0.6,4508.24,3.3158,0
2025-09-15T23:06:32.416829,4507.2,0.6,4508.24,3.3158,0
2025-09-15T23:06:32.476891,4507.2,0.6,4508.24,3.3158,0
2025-09-15T23:06:32.540248,4507.2,0.6,4508.24,3.3158,0
2025-09-15T23:06:32.544146,4507.2,0.6,4508.24,3.3158,0
2025-09-15T23:06:32.547447,4507.2,0.6,4508.24,3.3158,0
2025-09-15T23:06:32.597077,4507.2,0.6,4508.24,3.3158,0
2025-09-15T23:06:32.636209,4507.2,0.6,4508.24,3.3158,0
2025-09-15T23:06:32.847109,4507.2,0.6,4508.24,3.3158,0
2025-09-15T23:06:33.001668,4507.2,0.6,4508.24,3.3158,0
2025-09-15T23:06:33.112633,4507.2,0.6,4508.24,3.3158,0
2025-09-15T23:06:33.146645,4507.2,0.6,4508.24,3.3158,0
2025-09-15T23:06:33.151753,4507.2,0.6,4508.24,3.3158,0
2025-09-15T23:06:33.175913,4507.2,0.6,4508.24,3.3158,0
2025-09-15T23:06:33.212344,4507.2,0.6,4508.24,3.3158,0
2025-09-15T23:06:33.341795,4507.2,0.6,4508.24,3.3158,0
2025-09-15T23:06:33.359085,4507.2,0.6,4508.24,3.3158,0
2025-09-15T23:06:33.362406,4507.2,0.6,4508.24,3.3158,0
2025-09-15T23:06:33.414337,4507.2,0.6,4508.24,3.3158,0
2025-09-15T23:06:33.447005,4507.2,0.6,4508.24,3.3158,0
2025-09-15T23:06:33.501366,4507.2,0.6,4508.24,3.3158,0
2025-09-15T23:06:33.541098,4507.2,0.6,4508.24,3.3158,0
2025-09-15T23:06:33.571287,4507.2,0.6,4508.24,3.3158,0
2025-09-15T23:06:33.585269,4507.2,0.6,4508.24,3.3158,0
2025-09-15T23:06:33.622358,4507.2,0.6,4508.24,3.3158,0
2025-09-15T23:06:33.647263,4507.2,0.6,4508.24,3.3158,0
2025-09-15T23:06:33.671311,4507.2,0.6,4508.24,3.3158,0
2025-09-15T23:06:33.688192,4507.2,0.6,4508.24,3.3158,0
2025-09-15T23:06:33.774408,4507.2,0.6,4508.24,3.3158,0
2025-09-15T23:06:33.910960,4507.2,0.6,4508.24,3.3158,0
2025-09-15T23:06:33.939012,4507.2,0.6,4508.24,3.3158,0
2025-09-15T23:06:34.022330,4507.2,0.6,4508.24,3.3158,0
2025-09-15T23:06:34.026371,4507.2,0.6,4508.24,3.3158,0
2025-09-15T23:06:34.029470,4507.2,0.6,4508.24,3.3158,0
2025-09-15T23:06:34.055868,4507.2,0.6,4508.24,3.3158,0
2025-09-15T23:06:34.135824,4507.2,0.6,4508.24,3.3158,0
2025-09-15T23:06:34.171463,4507.2,0.6,4508.24,3.3158,0
2025-09-15T23:06:34.188945,4507.2,0.6,4508.24,3.3158,0
2025-09-15T23:06:34.191021,4507.2,0.6,4508.24,3.3158,0
2025-09-15T23:06:34.344360,4507.2,0.6,4508.24,3.3158,0
2025-09-15T23:06:34.542923,4507.2,0.6,4508.24,3.3158,0
2025-09-15T23:06:34.567170,4507.2,0.6,4508.24,3.3158,0
2025-09-15T23:06:34.747624,4507.2,0.6,4508.24,3.3158,0
2025-09-15T23:06:34.779849,4507.2,0.6,4508.24,3.3158,0
2025-09-15T23:06:34.785107,4507.2,0.6,4508.24,3.3158,0
2025-09-15T23:06:34.795907,4507.2,0.6,4508.24,3.3158,0
2025-09-15T23:06:34.818538,4507.2,0.6,4508.24,3.3158,0
2025-09-15T23:06:34.848183,4507.2,0.6,4508.24,3.3158,0
2025-09-15T23:06:34.864047,4507.2,0.6,4508.24,3.3158,0
2025-09-15T23:06:34.877663,4507.2,0.6,4508.24,3.3158,0
2025-09-15T23:06:34.925921,4507.2,0.6,4508.24,3.3158,0
2025-09-15T23:06:34.997806,4507.2,0.6,4508.24,3.3158,0
2025-09-15T23:06:35.010733,4507.2,0.6,4508.24,3.3158,0
2025-09-15T23:06:35.032539,4507.2,0.6,4508.24,3.3158,0
2025-09-15T23:06:35.057554,4507.2,0.6,4508.24,3.3158,0
2025-09-15T23:06:35.101161,4507.2,0.6,4508.24,3.3158,0
2025-09-15T23:06:35.130912,4507.2,0.6,4508.24,3.3158,0
2025-09-15T23:06:35.135762,4507.2,0.6,4508.24,3.3158,0
2025-09-15T23:06:35.137357,4507.2,0.6,4508.24,3.3158,0
2025-09-15T23:06:35.141423,4507.2,0.6,4508.24,3.3158,0
2025-09-15T23:06:35.277290,4507.2,0.6,4508.24,3.3158,0
2025-09-15T23:06:35.335534,4507.2,0.6,4508.24,3.3158,0
2025-09-15T23:06:35.418168,4507.2,0.6,4508.24,3.3158,0
2025-09-15T23:06:35.515246,4507.2,0.6,4508.24,3.3158,0
2025-09-15T23:06:35.520451,4507.2,0.6,4508.24,3.3158,0
2025-09-15T23:06:35.632185,4507.2,0.6,4508.24,3.3158,0
2025-09-15T23:06:35.696315,4507.2,0.6,4508.24,3.3158,0
2025-09-15T23:06:35.746541,4507.2,0.6,4508.24,3.3158,0
2025-09-15T23:06:35.754479,4507.2,0.6,4508.24,3.3158,0
2025-09-15T23:06:35.787522,4507.2,0.6,4508.24,3.3158,0
2025-09-15T23:06:35.815773,4507.2,0.6,4508.24,3.3158,0
2025-09-15T23:06:35.824865,4507.2,0.6,4508.24,3.3158,0
2025-09-15T23:06:35.952690,4507.2,0.6,4508.24,3.3158,0
2025-09-15T23:06:36.023023,4507.2,0.6,4508.24,3.3158,0
2025-09-15T23:06:36.120358,4507.2,0.6,4508.24,3.3158,0
2025-09-15T23:06:36.126311,4507.2,0.6,4508.24,3.3158,0
2025-09-15T23:06:36.184096,4507.2,0.6,4508.24,3.3158,0
2025-09-15T23:06:36.226946,4507.2,0.6,4508.24,3.3158,0
2025-09-15T23:06:36.227967,4507.2,0.6,4508.24,3.3158,0
2025-09-15T23:06:36.238951,4507.2,0.6,4508.24,3.3158,0
2025-09-15T23:06:36.354972,4507.2,0.6,4508.24,3.3158,0
2025-09-15T23:06:36.357131,4507.2,0.6,4508.24,3.3158,0
2025-09-15T23:06:36.362547,4507.2,0.6,4508.24,3.3158,0
2025-09-15T23:06:36.364300,4507.2,0.6,4508.24,3.3158,0
2025-09-15T23:06:36.387253,4507.2,0.6,4508.24,3.3158,0
2025-09-15T23:06:36.397671,4507.2,0.6,4508.24,3.3158,0
2025-09-15T23:06:36.399481,4507.2,0.6,4508.24,3.3158,0
2025-09-15T23:06:36.450017,4507.2,0.6,4508.24,3.3158,0
2025-09-15T23:06:36.473037,4507.2,0.6,4508.24,3.3158,0
2025-09-15T23:06:36.511884,4507.2,0.6,4508.24,3.3158,0
2025-09-15T23:06:36.576669,4507.2,0.6,4508.24,3.3158,0
2025-09-15T23:06:36.642516,4507.2,0.6,4508.24,3.3158,0
2025-09-15T23:06:36.760862,4507.2,0.6,4508.24,3.3158,0
2025-09-15T23:06:36.763713,4507.2,0.6,4508.24,3.3158,0
2025-09-15T23:06:36.770376,4507.2,0.6,4508.24,3.3158,0
2025-09-15T23:06:36.974309,4507.2,0.6,4508.24,3.3158,0
2025-09-15T23:06:37.149846,4507.2,0.6,4508.24,3.3158,0
2025-09-15T23:06:37.154444,4507.2,0.6,4508.24,3.3158,0
2025-09-15T23:06:37.168685,4507.2,0.6,4508.24,3.3158,0
2025-09-15T23:06:37.176439,4507.2,0.6,4508.24,3.3158,0
2025-09-15T23:06:37.184579,4507.2,0.6,4508.24,3.3158,0
2025-09-15T23:06:37.480732,4507.2,0.6,4508.24,3.3158,0
2025-09-15T23:06:37.482769,4507.2,0.6,4508.24,3.3158,0
2025-09-15T23:06:37.593511,4507.2,0.6,4508.24,3.3158,0
2025-09-15T23:06:37.606830,4507.2,0.6,4508.24,3.3158,0
2025-09-15T23:06:37.713255,4507.2,0.6,4508.24,3.3158,0
2025-09-15T23:06:37.798836,4507.2,0.6,4508.24,3.3158,0
2025-09-15T23:07:43.300210,4506.64,9.7582,4507.02,2.0,0
2025-09-15T23:07:43.301935,4506.64,9.0848,4507.02,2.0,0
2025-09-15T23:07:43.303755,4506.64,9.0848,4507.02,2.0,0
2025-09-15T23:07:43.305021,4506.64,9.0848,4507.02,2.0,0
2025-09-15T23:07:43.306419,4506.64,9.0848,4507.02,2.0,0
2025-09-15T23:07:43.307703,4506.64,9.0848,4507.02,2.0,0
2025-09-15T23:07:43.308910,4506.64,9.0848,4507.02,2.0,0
2025-09-15T23:07:43.310395,4506.64,9.0848,4507.02,2.0,0
2025-09-15T23:07:43.311705,4506.64,9.0848,4507.02,2.0,0
2025-09-15T23:07:43.313099,4506.64,9.0848,4507.02,2.0,0
2025-09-15T23:07:43.602094,4506.64,9.0848,4507.02,2.0,0
2025-09-15T23:07:43.606039,4506.64,9.0848,4507.02,32.3879,0
2025-09-15T23:07:43.613430,4506.64,9.0848,4507.02,32.3879,0
2025-09-15T23:07:43.615719,4506.64,9.0848,4507.02,32.3879,0
2025-09-15T23:07:43.618992,4506.64,9.0848,4507.02,30.3879,0
2025-09-15T23:07:43.623720,4506.64,9.0848,4507.02,30.3879,0
2025-09-15T23:07:43.625662,4506.64,9.0848,4507.02,30.3879,0
2025-09-15T23:07:43.626935,4506.64,9.0848,4507.02,30.3879,0
2025-09-15T23:07:43.629750,4506.64,9.0848,4507.02,30.3879,0
2025-09-15T23:07:43.646892,4506.64,9.0848,4507.02,30.3879,0
2025-09-15T23:07:43.648201,4506.64,13.5248,4507.02,30.3879,0
2025-09-15T23:07:43.649226,4506.64,13.5248,4507.02,30.4714,0
2025-09-15T23:07:43.650902,4506.64,13.5248,4507.02,30.4714,0
2025-09-15T23:07:43.652480,4506.64,13.5248,4507.02,30.4714,0
2025-09-15T23:07:43.653627,4506.64,13.5248,4507.02,30.4714,0
2025-09-15T23:07:43.662314,4506.64,13.5248,4507.02,30.4714,0
2025-09-15T23:07:43.747974,4506.64,13.5248,4507.41,0.0948,0
2025-09-15T23:07:43.805946,4506.64,13.5248,4507.41,0.0948,0
2025-09-15T23:07:43.812458,4506.64,13.5248,4507.41,0.0948,0
2025-09-15T23:07:43.882907,4506.64,9.0848,4507.41,0.0948,0
2025-09-15T23:07:44.006236,4506.64,9.0725,4507.41,0.0948,0
2025-09-15T23:07:44.204295,4506.64,9.0725,4507.41,0.0948,0
2025-09-15T23:07:44.207470,4506.64,9.0725,4507.41,0.0948,0
2025-09-15T23:07:44.248909,4506.64,9.0725,4507.41,0.0948,0
2025-09-15T23:07:44.305083,4506.64,9.0725,4507.41,0.0948,0
2025-09-15T23:07:44.441928,4506.64,9.0725,4507.41,0.0948,0
2025-09-15T23:07:44.579235,4506.64,9.0725,4507.41,0.0948,0
2025-09-15T23:07:45.089042,4506.64,9.0725,4507.41,0.0948,0
2025-09-15T23:07:45.099132,4506.64,8.7865,4507.41,0.0948,0
2025-09-15T23:07:45.114407,4506.64,8.7865,4507.41,0.0948,0
2025-09-15T23:07:45.149728,4506.64,8.7865,4507.41,0.0948,0
2025-09-15T23:07:45.160313,4506.64,8.7865,4507.41,0.0948,0
2025-09-15T23:07:45.241307,4506.64,8.7865,4507.41,0.0948,0
2025-09-15T23:07:45.252022,4506.64,8.7865,4507.41,0.0948,0
2025-09-15T23:07:45.266995,4506.64,8.7865,4507.41,0.0948,0
2025-09-15T23:07:45.274359,4506.64,8.7865,4507.41,0.0948,0
2025-09-15T23:07:45.330259,4506.64,8.7865,4507.41,0.0948,0
2025-09-15T23:07:45.358003,4506.64,8.7865,4507.41,0.0948,0
2025-09-15T23:07:45.378316,4506.42,2.2189,4507.41,0.0948,0
2025-09-15T23:07:45.393427,4506.42,2.2189,4507.41,0.0948,0
2025-09-15T23:07:45.547952,4506.42,2.2189,4507.41,0.0948,0
2025-09-15T23:07:45.659848,4506.42,2.2189,4507.41,0.0948,0
2025-09-15T23:07:45.716114,4506.42,2.2189,4507.41,0.0948,0
2025-09-15T23:07:45.725363,4506.42,2.2189,4507.41,0.0948,0
2025-09-15T23:07:45.824563,4506.42,2.2189,4507.41,0.0948,0
2025-09-15T23:07:46.051704,4506.42,2.2189,4507.41,0.0948,0
2025-09-15T23:07:46.139267,4506.42,2.2189,4507.41,0.0948,0
2025-09-15T23:07:46.200533,4506.42,2.2189,4507.41,0.0948,0
2025-09-15T23:07:46.211694,4506.42,2.2189,4507.41,0.0948,0
2025-09-15T23:07:46.282370,4506.42,2.2189,4507.41,0.0948,0
2025-09-15T23:07:46.286567,4506.42,2.2189,4507.41,0.0948,0
2025-09-15T23:07:46.289248,4506.42,2.2189,4507.41,0.0948,0
2025-09-15T23:07:46.582313,4506.42,2.2189,4507.41,0.0948,0
2025-09-15T23:07:46.590908,4506.42,2.2189,4507.41,0.0948,0
2025-09-15T23:07:46.632221,4506.42,2.2189,4507.41,0.0948,0
2025-09-15T23:07:46.674983,4506.42,2.2189,4507.41,0.0948,0
2025-09-15T23:07:46.777436,4506.42,2.2189,4507.41,0.0948,0
2025-09-15T23:07:46.793668,4506.42,2.2189,4507.41,0.0948,0
2025-09-15T23:07:46.834464,4506.42,2.2189,4507.41,0.0948,0
2025-09-15T23:07:46.865744,4506.42,2.2189,4507.41,0.0948,0
2025-09-15T23:07:46.904708,4506.42,2.2189,4507.41,0.0948,0
2025-09-15T23:07:46.942871,4506.42,2.2189,4507.41,0.0948,0
2025-09-15T23:07:46.991201,4506.42,2.2189,4507.41,0.0948,0
2025-09-15T23:07:46.994405,4506.42,2.2189,4507.41,0.0948,0
2025-09-15T23:07:47.004558,4506.42,2.2189,4507.41,0.0948,0
2025-09-15T23:07:47.028626,4506.42,2.2189,4507.41,0.0948,0
2025-09-15T23:07:47.032522,4506.42,2.2189,4507.41,0.0948,0
2025-09-15T23:07:47.039029,4506.42,2.2189,4507.41,0.0948,0
2025-09-15T23:07:47.077278,4506.42,2.2189,4507.41,0.0948,0
2025-09-15T23:07:47.096272,4506.42,2.2189,4507.41,0.0948,0
2025-09-15T23:07:47.107573,4506.42,2.2189,4507.41,0.0948,0
2025-09-15T23:07:47.145534,4506.42,2.2189,4507.41,0.0948,0
2025-09-15T23:07:47.195627,4506.42,2.2189,4507.41,0.0948,0
2025-09-15T23:07:47.218979,4506.42,2.2189,4507.41,0.0948,0
2025-09-15T23:07:47.232119,4506.42,2.2189,4507.41,0.0948,0
2025-09-15T23:07:47.272219,4506.42,2.2189,4507.41,0.0948,0
2025-09-15T23:07:47.307029,4506.42,2.2189,4507.41,0.0948,0
2025-09-15T23:07:47.323307,4506.42,2.2189,4507.41,0.0948,0
2025-09-15T23:07:47.341537,4506.42,2.2189,4507.41,0.0948,0
2025-09-15T23:07:47.364817,4506.42,2.2189,4507.41,0.0948,0
2025-09-15T23:07:47.379259,4506.42,2.2189,4507.41,0.0948,0
2025-09-15T23:07:47.449615,4506.42,2.2189,4507.41,0.0948,0
2025-09-15T23:07:47.454694,4506.42,2.2189,4507.41,0.0948,0
2025-09-15T23:07:47.670714,4506.42,2.2189,4507.41,0.0948,0
2025-09-15T23:07:47.694695,4506.42,2.2189,4507.41,0.0948,0
2025-09-15T23:07:47.815508,4506.42,2.2189,4507.41,0.0948,0
2025-09-15T23:07:47.961952,4506.42,2.2189,4507.41,0.0948,0
2025-09-15T23:07:48.062520,4506.42,2.2189,4507.41,0.0948,0
2025-09-15T23:07:48.081203,4506.42,2.2189,4507.41,0.0948,0
2025-09-15T23:07:48.109386,4506.42,2.2189,4507.41,0.0948,0
2025-09-15T23:07:48.137075,4506.42,2.2189,4507.41,0.0948,0
2025-09-15T23:07:48.342461,4506.42,2.2189,4507.41,0.0948,0
2025-09-15T23:07:48.374968,4506.42,2.2189,4507.41,0.0948,0
2025-09-15T23:07:48.471609,4506.42,2.2189,4507.41,0.0948,0
2025-09-15T23:07:48.515853,4506.42,2.2189,4507.41,0.0948,0
2025-09-15T23:07:48.542355,4506.42,2.2189,4507.41,0.0948,0
2025-09-15T23:07:48.562863,4506.42,2.2189,4507.41,0.0948,0
2025-09-15T23:07:48.656304,4506.42,2.2189,4507.41,0.0948,0
2025-09-15T23:07:48.695643,4506.42,2.2189,4507.41,0.0948,0
2025-09-15T23:07:48.740157,4506.42,2.2189,4507.41,0.0948,0
2025-09-15T23:07:48.838327,4506.42,2.2189,4507.41,0.0948,0
2025-09-15T23:07:48.904634,4506.42,2.2189,4507.41,0.0948,0
2025-09-15T23:07:48.908663,4506.42,2.2189,4507.41,0.0948,0
2025-09-15T23:07:49.128831,4506.42,2.2189,4507.41,0.0948,0
2025-09-15T23:07:49.144323,4506.42,2.2189,4507.41,0.0948,0
2025-09-15T23:07:49.186468,4506.42,2.2189,4507.41,0.0948,0
2025-09-15T23:07:49.350220,4506.42,2.2189,4507.41,0.0948,0
2025-09-15T23:07:49.399402,4506.42,2.2189,4507.41,0.0948,0
2025-09-15T23:07:49.471666,4506.42,2.2189,4507.41,0.0948,0
2025-09-15T23:07:49.563366,4506.42,2.2189,4507.41,0.0948,0
2025-09-15T23:07:49.595029,4506.42,2.2189,4507.41,0.0948,0
2025-09-15T23:07:49.642400,4506.42,2.2189,4507.41,0.0948,0
2025-09-15T23:07:49.679882,4506.42,2.2189,4507.41,0.0948,0
2025-09-15T23:07:49.874106,4506.42,2.2189,4507.41,0.0948,0
2025-09-15T23:07:49.969145,4506.42,2.2189,4507.41,0.0948,0
2025-09-15T23:07:50.012664,4506.42,2.2189,4507.41,0.0948,0
2025-09-15T23:07:50.107582,4506.42,2.2189,4507.41,0.0948,0
2025-09-15T23:07:50.136696,4506.42,2.2189,4507.41,0.0948,0
2025-09-15T23:07:50.240500,4506.42,2.2189,4507.41,0.0948,0
2025-09-15T23:07:50.574035,4506.42,2.2189,4507.41,0.0948,0
2025-09-15T23:07:50.605562,4506.42,2.2189,4507.41,0.0948,0
2025-09-15T23:07:50.859101,4506.42,2.2189,4507.41,0.0948,0
2025-09-15T23:07:51.021299,4506.42,2.2189,4507.41,0.0948,0
2025-09-15T23:07:51.080874,4506.42,2.2189,4507.41,0.0948,0
2025-09-15T23:07:51.112914,4506.42,2.2189,4507.41,0.0948,0
2025-09-15T23:07:51.186404,4506.42,2.2189,4507.41,0.0948,0
2025-09-15T23:07:51.236248,4506.42,2.2189,4507.41,0.0948,0
2025-09-15T23:07:51.261539,4506.42,2.2189,4507.41,0.0948,0
2025-09-15T23:07:51.262927,4506.42,2.2189,4507.41,0.0948,0
2025-09-15T23:07:51.265108,4506.42,2.2189,4507.41,0.0948,0
2025-09-15T23:07:51.270165,4506.42,2.2189,4507.41,0.0948,0
2025-09-15T23:07:51.307814,4506.42,2.2189,4507.41,0.0948,0
2025-09-15T23:07:51.314866,4506.42,2.2189,4507.41,0.0948,0
2025-09-15T23:07:51.321201,4506.42,2.2189,4507.41,0.0948,0
2025-09-15T23:07:51.447003,4506.42,2.2189,4507.41,0.0948,0
2025-09-15T23:07:51.654187,4506.42,2.2189,4507.41,0.0948,0
2025-09-15T23:07:52.001082,4506.42,2.2189,4507.41,0.0948,0
2025-09-15T23:07:52.130169,4506.42,2.2189,4507.41,0.0948,0
2025-09-15T23:07:52.197801,4506.42,2.2189,4507.41,0.0948,0
2025-09-15T23:07:52.244998,4506.42,2.2189,4507.41,0.0948,0
2025-09-15T23:07:52.490877,4506.42,2.2189,4507.41,0.0948,0
2025-09-15T23:07:52.540481,4506.42,2.2189,4507.41,0.0948,0
2025-09-15T23:07:52.715311,4506.42,2.2189,4507.41,0.0948,0
2025-09-15T23:07:52.767237,4506.42,2.2189,4507.41,0.0948,0
2025-09-15T23:07:52.774162,4506.42,2.2189,4507.41,0.0948,0
2025-09-15T23:07:52.835861,4506.42,2.2189,4507.41,0.0948,0
2025-09-15T23:07:52.883330,4506.42,2.2189,4507.41,0.0948,0
2025-09-15T23:07:53.098361,4506.42,2.2189,4507.41,0.0948,0
2025-09-15T23:07:53.204244,4506.42,2.2189,4507.41,0.0948,0
2025-09-15T23:07:53.287494,4506.42,2.2189,4507.41,0.0948,0
2025-09-15T23:07:53.290673,4506.42,2.2189,4507.41,0.0948,0
2025-09-15T23:07:53.296324,4506.42,2.2189,4507.41,0.0948,0
2025-09-15T23:07:53.305271,4506.42,2.2189,4507.41,0.0948,0
2025-09-15T23:07:53.374947,4506.42,2.2189,4507.41,0.0948,0
2025-09-15T23:07:53.380818,4506.42,2.2189,4507.41,0.0948,0
2025-09-15T23:07:53.406542,4506.42,2.2189,4507.41,0.0948,0
2025-09-15T23:07:53.408644,4506.42,2.2189,4507.41,0.0948,0
2025-09-15T23:07:53.416170,4506.42,2.2189,4507.41,0.0948,0
2025-09-15T23:07:53.422928,4506.42,2.2189,4507.41,0.0948,0
2025-09-15T23:07:53.457331,4506.42,2.2189,4507.41,0.0948,0
2025-09-15T23:07:53.458708,4506.42,2.2189,4507.41,0.0948,0
2025-09-15T23:07:53.464482,4506.42,2.2189,4507.41,0.0948,0
2025-09-15T23:07:53.498516,4506.42,2.2189,4507.41,0.0948,0
2025-09-15T23:07:53.501556,4506.42,2.2189,4507.41,0.0948,0
2025-09-15T23:07:53.516907,4506.42,2.2189,4507.41,0.0948,0
2025-09-15T23:07:53.545082,4506.42,2.2189,4507.41,0.0948,0
2025-09-15T23:07:53.569667,4506.42,2.2189,4507.41,0.0948,0
2025-09-15T23:07:53.580812,4506.42,2.2189,4507.41,0.0948,0
2025-09-15T23:07:53.779876,4506.42,2.2189,4507.41,0.0948,0
2025-09-15T23:07:53.785321,4506.42,2.2189,4507.41,0.0948,0
2025-09-15T23:07:53.835953,4506.42,2.2189,4507.41,0.0948,0
2025-09-15T23:07:53.837773,4506.42,2.2189,4507.41,0.0948,0
2025-09-15T23:07:53.867291,4506.42,2.2189,4507.41,0.0948,0
2025-09-15T23:07:53.911348,4506.42,2.2189,4507.41,0.0948,0
2025-09-15T23:07:53.914483,4506.42,2.2189,4507.41,0.0948,0
2025-09-15T23:07:53.939523,4506.42,2.2189,4507.41,0.0948,0
2025-09-15T23:07:53.968550,4506.42,2.2189,4507.41,0.0948,0
2025-09-15T23:07:54.005225,4506.42,2.2189,4507.41,0.0948,0
2025-09-15T23:07:54.080657,4506.42,2.2189,4507.41,0.0948,0
2025-09-15T23:07:54.459147,4506.42,2.2189,4507.41,0.0948,0
2025-09-15T23:07:54.928954,4506.42,2.2189,4507.41,0.0948,0
2025-09-15T23:07:55.136134,4506.42,2.2189,4507.41,0.0948,0
2025-09-15T23:07:55.167120,4506.42,2.2189,4507.41,0.0948,0
2025-09-15T23:07:55.245548,4506.42,2.2189,4507.41,0.0948,0
2025-09-15T23:07:55.336430,4506.42,2.2189,4507.41,0.0948,0
2025-09-15T23:07:55.353290,4506.42,2.2189,4507.41,0.0948,0
2025-09-15T23:07:55.400351,4506.42,2.2189,4507.41,0.0948,0
2025-09-15T23:07:55.605814,4506.42,2.2189,4507.41,0.0948,0
2025-09-15T23:07:55.637401,4506.42,2.2189,4507.41,0.0948,0
2025-09-15T23:07:55.672729,4506.42,2.2189,4507.41,0.0948,0
2025-09-15T23:07:55.683698,4506.42,2.2189,4507.41,0.0948,0
2025-09-15T23:07:55.721929,4506.42,2.2189,4507.41,0.0948,0
2025-09-15T23:07:55.731758,4506.42,2.2189,4507.41,0.0948,0
2025-09-15T23:07:55.736721,4506.42,2.2189,4507.41,0.0948,0
2025-09-15T23:07:55.830268,4506.42,2.2189,4507.41,0.0948,0
2025-09-15T23:07:55.831588,4506.42,2.2189,4507.41,0.0948,0
2025-09-15T23:07:55.839814,4506.42,2.2189,4507.41,0.0948,0
2025-09-15T23:07:55.862701,4506.42,2.2189,4507.41,0.0948,0
2025-09-15T23:07:55.876669,4506.42,2.2189,4507.41,0.0948,0
2025-09-15T23:12:23.306780,4514.14,0.5035,4514.39,9.0848,0
2025-09-15T23:12:23.308672,4514.14,0.5035,4514.39,9.0848,0
2025-09-15T23:12:23.312160,4514.14,0.5035,4514.39,9.0848,0
2025-09-15T23:12:23.313844,4514.14,0.5035,4514.39,9.0848,0
2025-09-15T23:12:23.315347,4514.14,0.5035,4514.39,9.0848,0
2025-09-15T23:12:23.317005,4514.14,0.5035,4514.39,9.0848,0
2025-09-15T23:12:23.318895,4514.14,0.5035,4514.39,9.0848,0
2025-09-15T23:12:23.320969,4514.14,0.5035,4514.39,9.0848,0
2025-09-15T23:12:23.322309,4514.14,0.5035,4514.39,9.0848,0
2025-09-15T23:12:23.323803,4514.14,0.5035,4514.39,9.0848,0
2025-09-15T23:12:23.325678,4514.14,0.5035,4514.39,9.0848,0
2025-09-15T23:12:23.335481,4514.14,0.5035,4514.39,9.0848,0
2025-09-15T23:12:23.337274,4514.14,0.5035,4514.39,9.0848,0
2025-09-15T23:12:23.338765,4514.14,0.5035,4514.39,9.0848,0
2025-09-15T23:12:23.341921,4514.14,0.5035,4514.39,9.0848,0
2025-09-15T23:12:23.345662,4514.14,0.5035,4514.39,9.0848,0
2025-09-15T23:12:23.347368,4514.14,0.5035,4514.39,9.0848,0
2025-09-15T23:12:23.348781,4514.14,0.5035,4514.39,9.0848,0
2025-09-15T23:12:23.350333,4514.14,0.5035,4514.39,9.0848,0
2025-09-15T23:12:23.351554,4514.14,0.5035,4514.39,9.0848,0
2025-09-15T23:12:23.354134,4514.14,0.5035,4514.39,9.0848,0
2025-09-15T23:12:23.477941,4514.14,0.5035,4514.39,9.0848,0
2025-09-15T23:12:23.557258,4514.14,0.5035,4514.39,9.0726,0
2025-09-15T23:12:23.559277,4514.14,0.5035,4514.39,9.0726,0
2025-09-15T23:12:23.563372,4514.14,0.5035,4514.39,9.0726,0
2025-09-15T23:12:23.581393,4514.14,0.5035,4514.39,9.0726,0
2025-09-15T23:12:23.647456,4514.14,0.5035,4514.39,9.0726,0
2025-09-15T23:12:23.690685,4514.14,0.5035,4514.39,9.0726,0
2025-09-15T23:12:23.696996,4514.14,0.5019,4514.39,9.0726,0
2025-09-15T23:12:23.703334,4514.14,0.5019,4514.39,9.0726,0
2025-09-15T23:12:23.752590,4514.14,0.2785,4514.39,9.0726,0
2025-09-15T23:12:23.767839,4514.14,0.2785,4514.39,9.0726,0
2025-09-15T23:12:23.841385,4514.14,0.2785,4514.39,9.0726,0
2025-09-15T23:12:23.890250,4514.14,0.2785,4514.39,9.0726,0
2025-09-15T23:12:23.891712,4514.14,0.2785,4514.39,9.0726,0
2025-09-15T23:12:23.954102,4514.14,0.2785,4514.39,9.0726,0
2025-09-15T23:12:23.956096,4514.14,0.2785,4514.39,9.0726,0
2025-09-15T23:12:23.966597,4514.14,0.2785,4514.39,9.0726,0
2025-09-15T23:12:23.969120,4514.02,0.008,4514.39,9.0726,0
2025-09-15T23:12:23.980664,4514.02,0.008,4514.39,9.0726,0
2025-09-15T23:12:23.997838,4514.02,0.008,4514.39,9.0726,0
2025-09-15T23:12:24.001322,4514.02,0.008,4514.39,9.0726,0
2025-09-15T23:12:24.004080,4514.02,0.008,4514.39,9.0726,0
2025-09-15T23:12:24.006791,4514.02,0.008,4514.39,9.0726,0
2025-09-15T23:12:24.012755,4514.02,0.008,4514.39,9.0726,0
2025-09-15T23:12:24.014145,4514.02,0.008,4514.39,9.0726,0
2025-09-15T23:12:24.015625,4514.02,0.008,4514.4,4.435,0
2025-09-15T23:12:24.022753,4514.02,0.008,4514.4,4.435,0
2025-09-15T23:12:24.079729,4514.02,0.008,4514.4,4.435,0
2025-09-15T23:12:24.081207,4514.02,0.008,4514.4,4.435,0
2025-09-15T23:12:24.082626,4514.02,0.008,4514.4,4.435,0
2025-09-15T23:12:24.086381,4514.02,0.008,4514.4,4.435,0
2025-09-15T23:12:24.088045,4514.02,0.008,4514.4,4.435,0
2025-09-15T23:12:24.089253,4514.02,0.008,4514.4,4.435,0
2025-09-15T23:12:24.091584,4514.02,0.008,4514.4,4.435,0
2025-09-15T23:12:24.097775,4514.02,0.008,4514.4,4.435,0
2025-09-15T23:12:24.100136,4514.02,0.008,4514.4,4.435,0
2025-09-15T23:12:24.102156,4514.02,0.008,4514.4,4.435,0
2025-09-15T23:12:24.104653,4514.02,0.008,4514.4,4.435,0
2025-09-15T23:12:24.105937,4514.02,0.008,4514.4,4.435,0
2025-09-15T23:12:24.116938,4514.02,0.008,4514.4,4.435,0
2025-09-15T23:12:24.118680,4514.02,0.008,4514.4,4.435,0
2025-09-15T23:12:24.119828,4514.02,0.008,4514.4,4.435,0
2025-09-15T23:12:24.134547,4514.02,0.008,4514.79,17.8496,0
2025-09-15T23:12:24.141745,4514.02,0.008,4514.79,17.8496,0
2025-09-15T23:12:24.182903,4514.02,0.008,4514.79,17.8496,0
2025-09-15T23:12:24.187366,4514.02,0.008,4514.79,17.8496,0
2025-09-15T23:12:24.188837,4514.02,0.008,4514.79,17.8496,0
2025-09-15T23:12:24.190139,4514.02,0.008,4514.79,17.8496,0
2025-09-15T23:12:24.196100,4514.02,0.008,4514.79,17.8496,0
2025-09-15T23:12:24.199513,4514.02,0.008,4514.79,17.8496,0
2025-09-15T23:12:24.211317,4514.02,0.008,4514.79,17.8496,0
2025-09-15T23:12:24.251135,4514.02,0.008,4514.79,17.8496,0
2025-09-15T23:12:24.252732,4514.02,0.008,4514.79,17.8496,0
2025-09-15T23:12:24.353327,4514.02,0.008,4514.79,17.8496,0
2025-09-15T23:12:24.354669,4514.02,0.008,4514.79,17.8496,0
2025-09-15T23:12:24.356268,4514.02,0.008,4514.79,17.8496,0
2025-09-15T23:12:24.357854,4514.02,0.008,4514.79,17.8496,0
2025-09-15T23:12:24.362288,4514.02,0.008,4514.79,17.8496,0
2025-09-15T23:12:24.363248,4514.02,0.008,4514.79,17.8496,0
2025-09-15T23:12:24.365155,4514.02,0.008,4514.79,17.8496,0
2025-09-15T23:12:24.407804,4514.02,0.008,4514.79,17.8496,0
2025-09-15T23:12:24.413248,4513.59,1.2959,4514.79,17.8496,0
2025-09-15T23:12:24.414356,4513.59,1.2959,4514.79,17.8496,0
2025-09-15T23:12:24.416648,4513.59,1.2959,4514.79,17.8496,0
2025-09-15T23:12:24.419176,4513.59,1.2959,4514.79,17.8496,0
2025-09-15T23:12:24.420938,4513.59,1.2959,4514.79,17.8496,0
2025-09-15T23:12:24.424138,4513.59,5.3973,4514.79,17.8496,0
2025-09-15T23:12:24.470089,4513.59,5.3973,4514.79,17.8496,0
