timestamp,bid_price,bid_size,ask_price,ask_size,market_id
2025-09-15T22:56:16.839832,115303.2,0.1,115303.3,0.00216,1
2025-09-15T22:56:16.846042,115303.2,0.1,115303.3,0.00216,1
2025-09-15T22:56:16.850565,115303.2,0.1,115303.3,0.00216,1
2025-09-15T22:56:16.856787,115303.2,0.1,115303.3,0.00216,1
2025-09-15T22:56:16.861831,115303.2,0.14754,115303.3,0.00216,1
2025-09-15T22:56:16.868015,115303.2,0.14754,115303.3,0.00216,1
2025-09-15T22:56:16.872272,115303.2,0.14754,115303.3,0.00216,1
2025-09-15T22:56:16.873987,115303.2,0.14754,115303.3,0.00216,1
2025-09-15T22:56:16.876496,115303.2,0.14754,115303.3,0.00216,1
2025-09-15T22:56:16.882168,115303.2,0.14754,115303.3,0.00216,1
2025-09-15T22:56:16.886028,115303.2,0.14754,115303.3,0.00216,1
2025-09-15T22:56:16.895315,115303.2,0.14754,115303.3,0.00216,1
2025-09-15T22:56:17.041139,115303.2,0.14754,115303.3,0.00216,1
2025-09-15T22:56:17.046545,115303.2,0.14754,115303.3,0.00216,1
2025-09-15T22:56:17.049238,115303.2,0.14754,115303.3,0.00216,1
2025-09-15T22:56:17.053144,115303.2,0.04754,115303.3,0.00216,1
2025-09-15T22:56:17.055343,115303.2,0.04754,115303.3,0.00216,1
2025-09-15T22:56:17.059201,115303.2,0.04754,115303.3,0.00216,1
2025-09-15T22:56:17.066010,115303.2,0.04754,115303.3,0.00216,1
2025-09-15T22:56:17.069416,115303.2,0.04754,115303.3,0.00216,1
2025-09-15T22:56:17.071196,115303.2,0.04996,115303.3,0.00216,1
2025-09-15T22:56:17.088565,115303.2,0.04996,115303.3,0.00216,1
2025-09-15T22:56:17.101096,115303.2,0.04996,115303.3,0.00216,1
2025-09-15T22:56:17.106832,115303.2,0.04996,115303.3,0.00216,1
2025-09-15T22:56:17.114510,115303.2,0.04996,115303.3,0.00216,1
2025-09-15T22:56:17.132557,115303.2,0.04996,115303.3,0.00216,1
2025-09-15T22:56:17.136590,115303.2,0.04996,115303.3,0.00216,1
2025-09-15T22:56:17.144495,115303.2,0.04996,115303.3,0.00216,1
2025-09-15T22:56:17.151210,115303.2,0.04996,115303.3,0.00216,1
2025-09-15T22:56:17.154964,115303.2,0.04996,115303.3,0.00216,1
2025-09-15T22:56:17.162695,115303.2,0.04996,115303.3,0.00216,1
2025-09-15T22:56:17.171405,115303.2,0.04996,115303.3,0.00216,1
2025-09-15T22:56:17.187550,115303.2,0.04996,115303.3,0.00216,1
2025-09-15T22:56:17.189672,115303.2,0.04996,115303.3,0.00216,1
2025-09-15T22:56:17.197072,115303.2,0.04996,115303.3,0.00216,1
2025-09-15T22:56:17.216105,115303.2,0.04996,115303.3,0.00216,1
2025-09-15T22:56:17.228225,115303.2,0.04996,115303.3,0.00216,1
2025-09-15T22:56:17.235432,115303.2,0.04996,115303.3,0.00216,1
2025-09-15T22:56:17.240182,115303.2,0.04996,115303.3,0.00216,1
2025-09-15T22:56:17.245706,115303.2,0.04996,115303.3,0.00216,1
2025-09-15T22:56:17.249692,115303.2,0.04857,115303.3,0.00216,1
2025-09-15T22:56:17.264137,115303.2,0.04857,115303.3,0.00216,1
2025-09-15T22:56:17.266263,115303.2,0.00242,115303.3,0.00216,1
2025-09-15T22:56:17.270380,115303.2,0.00242,115303.3,0.00216,1
2025-09-15T22:56:17.274733,115303.2,0.00242,115303.3,0.00216,1
2025-09-15T22:56:17.282649,115303.2,0.00242,115303.3,0.00216,1
2025-09-15T22:56:17.291557,115300.1,0.0002,115303.3,0.00216,1
2025-09-15T22:56:17.301542,115300.1,0.0002,115303.3,0.00216,1
2025-09-15T22:56:17.308156,115300.1,0.0002,115303.3,0.00216,1
2025-09-15T22:56:17.323266,115300.1,0.0002,115303.3,0.00216,1
2025-09-15T22:56:17.332318,115300.1,0.0002,115303.3,0.00216,1
2025-09-15T22:56:17.336500,115300.1,0.0002,115303.3,0.00216,1
2025-09-15T22:56:17.356766,115300.1,0.0002,115303.3,0.00216,1
2025-09-15T22:56:17.397373,115300.1,0.0002,115303.3,0.00216,1
2025-09-15T22:56:17.413325,115297.1,2.18171,115303.3,0.00216,1
2025-09-15T22:56:17.428768,115297.1,2.18171,115303.3,0.00216,1
2025-09-15T22:56:17.449658,115297.1,2.18171,115303.3,0.00216,1
2025-09-15T22:56:17.510725,115297.1,2.18171,115303.3,0.00216,1
2025-09-15T22:56:17.550869,115297.1,2.18171,115303.3,0.00216,1
2025-09-15T22:56:17.580743,115297.1,2.18171,115303.3,0.00216,1
2025-09-15T22:56:17.589449,115297.1,2.18171,115303.3,0.00216,1
2025-09-15T22:56:17.641374,115297.1,2.18171,115303.3,0.00216,1
2025-09-15T22:56:17.695319,115297.1,2.18171,115303.3,0.00216,1
2025-09-15T22:56:17.702883,115297.1,2.18171,115303.3,0.00216,1
2025-09-15T22:56:17.709035,115297.1,2.18171,115303.3,0.00216,1
2025-09-15T22:56:17.712464,115297.1,2.18171,115303.3,0.00216,1
2025-09-15T22:56:17.775862,115297.1,2.18171,115303.3,0.00216,1
2025-09-15T22:56:17.875242,115296.0,2.23932,115303.3,0.00216,1
2025-09-15T22:56:17.886387,115296.0,2.23932,115303.3,0.00216,1
2025-09-15T22:56:17.928184,115296.0,2.23932,115303.3,0.00216,1
2025-09-15T22:56:17.951950,115296.0,2.23932,115303.3,0.00216,1
2025-09-15T22:56:17.977535,115296.0,2.23932,115303.3,0.00216,1
2025-09-15T22:56:18.054368,115296.0,2.23932,115303.3,0.00216,1
2025-09-15T22:56:18.062666,115296.0,2.23932,115303.3,0.00042,1
2025-09-15T22:56:18.085469,115296.0,2.23932,115303.3,0.00042,1
2025-09-15T22:56:18.093144,115296.0,2.23932,115303.3,0.00042,1
2025-09-15T22:56:18.098936,115296.0,2.23932,115303.3,0.00042,1
2025-09-15T22:56:18.103020,115296.0,2.23932,115303.3,0.00042,1
2025-09-15T22:56:18.219643,115296.0,2.23932,115311.8,0.06133,1
2025-09-15T22:56:18.264468,115296.0,2.23932,115311.8,0.06133,1
2025-09-15T22:56:18.278489,115296.0,2.23932,115311.8,0.06133,1
2025-09-15T22:56:18.323692,115296.0,2.23932,115311.8,0.06133,1
2025-09-15T22:56:18.330905,115296.0,2.23932,115311.8,0.06133,1
2025-09-15T22:56:18.342188,115296.0,2.23932,115311.8,0.06133,1
2025-09-15T22:56:18.346424,115296.0,2.23932,115311.8,0.06133,1
2025-09-15T22:56:18.396281,115296.0,2.23932,115311.8,0.06133,1
2025-09-15T22:56:18.398904,115296.0,2.23932,115311.8,0.06133,1
2025-09-15T22:56:18.432001,115296.0,2.23932,115311.8,0.06133,1
2025-09-15T22:56:18.439070,115296.0,2.23932,115311.8,0.06133,1
2025-09-15T22:56:18.469471,115296.0,2.23932,115311.8,0.06133,1
2025-09-15T22:56:18.506209,115296.0,2.23932,115311.8,0.06133,1
2025-09-15T22:56:18.533279,115296.0,2.23932,115311.8,0.06133,1
2025-09-15T22:56:18.544120,115296.0,2.23932,115311.8,0.06133,1
2025-09-15T22:56:18.708325,115296.0,2.23932,115311.8,0.06133,1
2025-09-15T22:56:18.731097,115296.0,2.23932,115311.8,0.06133,1
2025-09-15T22:56:18.895925,115296.0,2.23932,115311.8,0.06133,1
2025-09-15T22:56:19.033222,115296.0,2.23932,115311.8,0.06133,1
2025-09-15T22:56:19.037772,115296.0,2.23932,115311.8,0.06133,1
2025-09-15T22:56:19.048693,115296.0,2.23932,115311.8,0.06133,1
2025-09-15T22:56:19.207502,115296.0,2.23932,115311.8,0.06133,1
2025-09-15T22:56:19.212075,115296.0,2.23932,115311.8,0.06133,1
2025-09-15T22:56:19.264730,115296.0,2.23932,115311.8,0.06133,1
2025-09-15T23:04:55.970612,115306.5,2.47399,115307.7,0.03497,1
2025-09-15T23:04:55.972064,115306.5,2.47399,115307.7,0.03497,1
2025-09-15T23:04:55.973635,115306.5,2.47399,115307.7,0.03497,1
2025-09-15T23:04:55.977622,115306.5,2.47499,115307.7,0.03497,1
2025-09-15T23:04:55.978931,115306.5,2.47499,115307.7,0.03497,1
2025-09-15T23:04:55.980217,115306.5,2.47499,115307.7,0.03497,1
2025-09-15T23:04:55.981717,115306.5,2.47499,115307.7,0.03497,1
2025-09-15T23:04:55.983606,115306.5,2.47499,115307.7,0.03497,1
2025-09-15T23:04:55.984685,115306.5,2.47499,115307.7,0.03497,1
2025-09-15T23:04:55.988969,115306.5,2.47499,115307.7,0.03497,1
2025-09-15T23:04:55.990144,115306.5,2.47499,115307.8,0.00108,1
2025-09-15T23:04:55.991417,115306.5,2.47499,115307.8,0.00108,1
2025-09-15T23:04:55.992597,115306.5,2.47499,115307.8,0.00108,1
2025-09-15T23:04:55.993824,115306.5,2.47499,115307.8,0.00108,1
2025-09-15T23:04:55.995055,115306.5,2.47499,115307.8,0.00108,1
2025-09-15T23:04:55.996268,115306.5,2.47499,115307.8,0.00108,1
2025-09-15T23:04:55.997706,115306.5,2.47499,115307.8,0.00108,1
2025-09-15T23:04:56.000397,115306.5,2.47499,115307.8,0.00108,1
2025-09-15T23:04:56.001840,115306.5,2.47499,115307.8,0.00108,1
2025-09-15T23:04:56.003480,115306.5,2.47499,115307.8,0.00108,1
2025-09-15T23:04:56.006065,115306.5,2.47499,115307.8,0.00108,1
2025-09-15T23:04:56.010729,115306.5,2.47499,115307.8,0.00108,1
2025-09-15T23:04:56.012686,115306.5,2.47499,115307.8,0.00108,1
2025-09-15T23:04:56.015265,115306.5,2.47464,115307.8,0.00108,1
2025-09-15T23:04:56.026245,115306.5,2.47464,115307.8,0.00108,1
2025-09-15T23:04:56.027337,115306.5,2.47363,115307.8,0.00108,1
2025-09-15T23:04:56.028804,115306.5,2.47363,115307.8,0.00108,1
2025-09-15T23:04:56.030817,115306.5,2.47363,115307.8,0.00108,1
2025-09-15T23:04:56.034217,115306.5,2.47363,115307.8,0.00108,1
2025-09-15T23:04:56.037584,115306.5,2.47363,115307.8,0.00108,1
2025-09-15T23:04:56.040016,115306.5,2.47363,115307.8,0.00108,1
2025-09-15T23:04:56.041563,115306.5,2.47407,115307.8,0.00108,1
2025-09-15T23:04:56.042806,115306.5,2.47407,115307.8,0.00108,1
2025-09-15T23:04:56.044183,115306.5,2.47407,115307.8,0.00108,1
2025-09-15T23:04:56.045264,115306.5,2.47407,115308.8,0.07342,1
2025-09-15T23:04:56.046680,115306.5,2.47407,115308.8,0.07342,1
2025-09-15T23:04:56.048007,115306.5,2.47407,115308.8,0.07342,1
2025-09-15T23:04:56.051253,115306.5,2.47407,115308.8,0.07342,1
2025-09-15T23:04:56.054250,115306.5,2.47407,115308.8,0.07342,1
2025-09-15T23:04:56.056278,115306.5,2.47407,115312.1,0.90035,1
2025-09-15T23:04:56.057410,115306.5,2.47407,115312.1,0.90035,1
2025-09-15T23:04:56.060167,115306.5,2.47407,115318.5,1.31598,1
2025-09-15T23:04:56.062847,115306.5,2.47407,115318.5,1.31598,1
2025-09-15T23:04:56.064036,115306.5,2.47407,115318.5,1.31598,1
2025-09-15T23:04:56.065606,115306.5,2.47407,115319.0,0.05311,1
2025-09-15T23:04:56.070270,115306.5,2.47407,115319.0,0.05311,1
2025-09-15T23:04:56.071304,115306.5,2.47407,115319.0,0.05311,1
2025-09-15T23:04:56.072473,115306.5,2.47407,115319.0,0.05311,1
2025-09-15T23:04:56.073266,115306.5,2.47407,115319.0,0.05311,1
2025-09-15T23:04:56.076022,115306.5,2.47407,115319.0,0.05311,1
2025-09-15T23:04:56.078567,115306.5,2.47407,115319.0,0.05311,1
2025-09-15T23:04:56.081572,115306.5,2.47407,115319.0,0.05311,1
2025-09-15T23:04:56.089651,115306.5,2.47407,115319.0,0.05311,1
2025-09-15T23:04:56.275242,115306.5,2.47407,115319.0,0.05311,1
2025-09-15T23:04:56.277507,115306.5,2.47407,115319.0,0.05311,1
2025-09-15T23:04:56.283554,115306.5,2.47372,115319.0,0.05311,1
2025-09-15T23:04:56.285083,115306.5,2.47372,115319.0,0.05311,1
2025-09-15T23:04:56.338241,115306.5,2.47372,115319.0,0.05311,1
2025-09-15T23:04:56.373458,115306.5,2.47372,115319.0,0.05311,1
2025-09-15T23:04:56.379711,115306.5,2.47372,115319.0,0.05311,1
2025-09-15T23:04:56.416907,115306.5,2.47372,115319.0,0.05311,1
2025-09-15T23:04:56.419407,115306.5,2.47372,115319.0,0.05311,1
2025-09-15T23:04:56.486484,115306.5,2.47372,115319.0,0.05311,1
2025-09-15T23:04:56.536788,115306.5,2.47372,115319.0,0.05311,1
2025-09-15T23:04:56.542072,115306.5,2.47406,115319.0,0.05311,1
2025-09-15T23:04:56.574647,115306.5,2.47406,115319.0,0.05311,1
2025-09-15T23:04:56.743265,115306.5,2.47406,115319.0,0.05311,1
2025-09-15T23:04:56.803034,115306.5,2.47406,115319.0,0.05311,1
2025-09-15T23:04:56.906248,115306.5,2.47406,115319.0,0.05311,1
2025-09-15T23:04:57.053184,115306.5,2.47407,115319.0,0.05311,1
2025-09-15T23:04:57.064295,115306.5,2.47407,115319.0,0.05311,1
2025-09-15T23:04:57.093239,115306.5,2.47407,115319.0,0.05311,1
2025-09-15T23:04:57.113438,115306.5,2.47407,115319.0,0.05311,1
2025-09-15T23:04:57.249277,115306.5,2.47407,115319.0,0.05311,1
2025-09-15T23:04:57.253657,115306.5,2.47407,115319.0,0.05311,1
2025-09-15T23:04:57.258359,115306.5,2.47407,115319.0,0.05311,1
2025-09-15T23:04:57.274632,115306.5,2.47407,115319.0,0.05311,1
2025-09-15T23:04:57.280444,115306.5,2.47407,115319.0,0.05311,1
2025-09-15T23:04:57.286808,115306.5,2.47407,115319.0,0.05311,1
2025-09-15T23:04:57.289867,115306.5,2.47407,115319.0,0.05311,1
2025-09-15T23:04:57.297211,115306.5,2.47407,115319.0,0.05311,1
2025-09-15T23:04:57.302306,115306.5,2.47407,115319.0,0.05311,1
2025-09-15T23:04:57.318726,115306.5,2.47407,115319.0,0.05311,1
2025-09-15T23:04:57.375323,115306.5,2.47407,115319.0,0.05311,1
2025-09-15T23:04:57.408509,115306.5,2.47407,115319.0,0.05311,1
2025-09-15T23:04:57.469652,115306.5,2.47407,115319.0,0.05311,1
2025-09-15T23:04:57.571573,115306.5,2.47407,115319.0,0.05311,1
2025-09-15T23:04:57.572586,115306.5,2.47406,115319.0,0.05311,1
2025-09-15T23:04:57.610047,115306.5,2.47406,115319.0,0.05311,1
2025-09-15T23:04:57.710973,115306.5,2.47406,115319.0,0.05311,1
2025-09-15T23:04:57.743218,115306.5,2.47406,115319.0,0.05311,1
2025-09-15T23:04:57.755715,115306.5,2.47406,115319.0,0.05311,1
2025-09-15T23:04:57.855060,115306.5,2.47406,115319.0,0.05311,1
2025-09-15T23:04:57.870322,115306.5,2.47406,115319.0,0.05311,1
2025-09-15T23:04:58.041412,115306.5,2.47406,115319.0,0.05311,1
2025-09-15T23:04:58.075991,115306.5,2.47406,115319.0,0.05311,1
2025-09-15T23:04:58.223180,115306.5,2.47406,115319.0,0.05311,1
2025-09-15T23:04:58.233098,115306.5,2.47406,115319.0,0.05311,1
2025-09-15T23:04:58.243825,115306.5,2.47406,115319.0,0.05311,1
2025-09-15T23:04:58.399368,115306.5,2.47406,115319.0,0.05311,1
2025-09-15T23:04:58.457051,115306.5,2.47406,115319.0,0.05311,1
2025-09-15T23:04:58.526149,115306.5,2.47406,115319.0,0.05311,1
2025-09-15T23:04:58.530006,115306.5,2.47406,115319.0,0.05311,1
2025-09-15T23:04:58.611349,115306.5,2.47406,115319.0,0.05311,1
2025-09-15T23:04:58.613415,115306.5,2.47407,115319.0,0.05311,1
2025-09-15T23:04:58.623085,115306.5,2.47407,115319.0,0.05311,1
2025-09-15T23:04:58.669843,115306.5,2.47407,115319.0,0.05311,1
2025-09-15T23:04:58.675891,115306.5,2.47407,115319.0,0.05311,1
2025-09-15T23:04:58.717155,115306.5,2.47407,115319.0,0.05311,1
2025-09-15T23:04:58.738622,115306.5,2.47407,115319.0,0.05311,1
2025-09-15T23:04:58.812571,115306.5,2.47407,115319.0,0.05311,1
2025-09-15T23:04:58.978382,115306.5,2.47407,115319.0,0.05311,1
2025-09-15T23:04:58.999182,115306.5,2.47407,115319.0,0.05311,1
2025-09-15T23:04:59.031111,115306.5,2.47407,115319.0,0.05311,1
2025-09-15T23:04:59.055995,115306.5,2.47407,115319.0,0.05311,1
2025-09-15T23:04:59.080196,115306.5,2.47407,115319.0,0.05311,1
2025-09-15T23:04:59.089440,115306.5,2.47407,115319.0,0.05311,1
2025-09-15T23:04:59.168993,115306.5,2.47407,115319.0,0.05311,1
2025-09-15T23:04:59.173468,115306.5,2.47407,115319.0,0.05311,1
2025-09-15T23:04:59.182154,115306.5,2.47407,115319.0,0.05311,1
2025-09-15T23:04:59.229244,115306.5,2.47407,115319.0,0.05311,1
2025-09-15T23:04:59.232813,115306.5,2.47407,115319.0,0.05311,1
2025-09-15T23:04:59.248294,115306.5,2.47407,115319.0,0.05311,1
2025-09-15T23:04:59.253632,115306.5,2.47407,115319.0,0.05311,1
2025-09-15T23:04:59.284686,115306.5,2.47407,115319.0,0.05311,1
2025-09-15T23:04:59.298737,115306.5,2.47407,115319.0,0.05311,1
2025-09-15T23:04:59.320546,115306.5,2.47407,115319.0,0.05311,1
2025-09-15T23:04:59.322051,115306.5,2.47407,115319.0,0.05311,1
2025-09-15T23:04:59.328029,115306.5,2.47407,115319.0,0.05311,1
2025-09-15T23:04:59.335196,115306.5,2.47407,115319.0,0.05311,1
2025-09-15T23:04:59.353109,115306.5,2.47407,115319.0,0.05311,1
2025-09-15T23:04:59.358710,115306.5,2.47407,115319.0,0.05311,1
2025-09-15T23:04:59.388736,115306.5,2.47407,115319.0,0.05311,1
2025-09-15T23:04:59.502817,115306.5,2.47407,115319.0,0.05311,1
2025-09-15T23:04:59.513487,115306.5,2.47407,115319.0,0.05311,1
2025-09-15T23:04:59.559054,115306.5,2.47407,115319.0,0.05311,1
2025-09-15T23:04:59.561886,115306.5,2.47407,115319.0,0.05311,1
2025-09-15T23:04:59.592225,115306.5,2.47407,115319.0,0.05311,1
2025-09-15T23:04:59.603323,115306.5,2.47407,115319.0,0.05311,1
2025-09-15T23:04:59.605118,115306.5,2.47406,115319.0,0.05311,1
2025-09-15T23:04:59.623310,115306.5,2.47406,115319.0,0.05311,1
2025-09-15T23:04:59.634138,115306.5,2.47406,115319.0,0.05311,1
2025-09-15T23:04:59.675382,115306.5,2.47406,115319.0,0.05311,1
2025-09-15T23:04:59.684037,115306.5,2.47406,115319.0,0.05311,1
2025-09-15T23:04:59.699830,115306.5,2.47406,115319.0,0.05311,1
2025-09-15T23:04:59.818962,115306.5,2.47406,115319.0,0.05311,1
2025-09-15T23:04:59.979152,115306.5,2.47406,115319.0,0.05311,1
2025-09-15T23:04:59.981962,115306.5,2.47406,115319.0,0.05311,1
2025-09-15T23:04:59.987787,115306.5,2.47406,115319.0,0.05311,1
2025-09-15T23:05:00.048081,115306.5,2.47406,115319.0,0.05311,1
2025-09-15T23:05:00.095981,115306.5,2.47406,115319.0,0.05311,1
2025-09-15T23:05:00.107280,115306.5,2.47406,115319.0,0.05311,1
2025-09-15T23:05:00.110882,115306.5,2.47407,115319.0,0.05311,1
2025-09-15T23:05:00.120430,115306.5,2.47407,115319.0,0.05311,1
2025-09-15T23:05:00.144610,115306.5,2.47407,115319.0,0.05311,1
2025-09-15T23:05:00.180902,115306.5,2.47407,115319.0,0.05311,1
2025-09-15T23:05:00.209383,115306.5,2.47407,115319.0,0.05311,1
2025-09-15T23:05:00.217783,115306.5,2.47407,115319.0,0.05311,1
2025-09-15T23:05:00.269093,115306.5,2.47407,115319.0,0.05311,1
2025-09-15T23:05:00.369805,115306.5,2.47407,115319.0,0.05311,1
2025-09-15T23:05:00.373154,115306.5,2.47407,115319.0,0.05311,1
2025-09-15T23:05:00.449869,115306.5,2.47407,115319.0,0.05311,1
2025-09-15T23:05:00.526655,115306.5,2.47407,115319.0,0.05311,1
2025-09-15T23:05:00.547450,115306.5,2.47407,115319.0,0.05311,1
2025-09-15T23:05:00.575364,115306.5,2.47407,115319.0,0.05311,1
2025-09-15T23:05:00.619667,115306.5,2.47407,115319.0,0.05311,1
2025-09-15T23:05:00.731474,115306.5,2.4736,115319.0,0.05311,1
2025-09-15T23:05:00.784737,115306.5,2.4736,115319.0,0.05311,1
2025-09-15T23:05:00.870874,115306.5,2.4736,115319.0,0.05311,1
2025-09-15T23:05:00.879877,115306.5,2.4736,115319.0,0.05311,1
2025-09-15T23:05:01.123914,115306.5,2.47406,115319.0,0.05311,1
2025-09-15T23:05:01.134657,115306.5,2.47406,115319.0,0.05311,1
2025-09-15T23:05:01.142243,115306.5,2.47406,115319.0,0.05311,1
2025-09-15T23:05:01.276837,115306.5,2.47406,115319.0,0.05311,1
2025-09-15T23:05:01.331636,115306.5,2.47406,115319.0,0.05311,1
2025-09-15T23:05:01.341825,115306.5,2.47406,115319.0,0.05311,1
2025-09-15T23:05:01.381080,115306.5,2.47406,115319.0,0.05311,1
2025-09-15T23:05:01.406777,115306.5,2.47406,115319.0,0.05311,1
2025-09-15T23:05:01.435062,115306.5,2.47406,115319.0,0.05311,1
2025-09-15T23:05:01.534514,115306.5,2.47406,115319.0,0.05311,1
2025-09-15T23:05:01.544916,115306.5,2.47406,115319.0,0.05311,1
2025-09-15T23:05:01.549461,115306.5,2.47406,115319.0,0.05311,1
2025-09-15T23:05:01.631397,115306.5,2.47406,115319.0,0.05311,1
2025-09-15T23:05:01.643711,115306.5,2.47406,115319.0,0.05311,1
2025-09-15T23:05:01.669985,115306.5,2.47406,115319.0,0.05311,1
2025-09-15T23:05:01.909422,115306.5,2.47406,115319.0,0.05311,1
2025-09-15T23:05:02.010846,115306.5,2.47406,115319.0,0.05311,1
2025-09-15T23:05:02.070628,115306.5,2.47406,115319.0,0.05311,1
2025-09-15T23:05:02.149619,115306.5,2.47406,115319.0,0.05311,1
2025-09-15T23:05:02.188029,115306.5,2.47406,115319.0,0.05311,1
2025-09-15T23:05:02.238697,115306.5,2.47406,115319.0,0.05311,1
2025-09-15T23:05:02.255625,115306.5,2.47406,115319.0,0.05311,1
2025-09-15T23:05:02.282100,115306.5,2.47406,115319.0,0.05311,1
2025-09-15T23:05:02.364976,115306.5,2.47406,115319.0,0.05311,1
2025-09-15T23:05:02.377524,115306.5,2.47406,115319.0,0.05311,1
2025-09-15T23:05:02.388462,115306.5,2.47406,115319.0,0.05311,1
2025-09-15T23:05:02.392712,115306.5,2.47406,115319.0,0.05311,1
2025-09-15T23:05:02.396515,115306.5,2.47406,115319.0,0.05311,1
2025-09-15T23:05:02.421959,115306.5,2.47406,115319.0,0.05311,1
2025-09-15T23:05:02.431959,115306.5,2.47406,115319.0,0.05311,1
2025-09-15T23:05:02.433555,115306.5,2.47406,115319.0,0.05311,1
2025-09-15T23:05:02.448713,115306.5,2.47406,115319.0,0.05311,1
2025-09-15T23:05:02.450398,115306.5,2.47399,115319.0,0.05311,1
2025-09-15T23:05:02.472303,115306.5,2.47399,115319.0,0.05311,1
2025-09-15T23:05:02.487609,115306.5,2.47399,115319.0,0.05311,1
2025-09-15T23:05:02.495340,115306.5,2.47399,115319.0,0.05311,1
2025-09-15T23:05:02.531150,115306.5,2.47399,115319.0,0.05311,1
2025-09-15T23:05:02.533936,115306.5,2.47399,115319.0,0.05311,1
2025-09-15T23:05:02.579185,115306.5,2.47399,115319.0,0.05311,1
2025-09-15T23:05:02.595894,115306.5,2.47399,115319.0,0.05311,1
2025-09-15T23:05:02.613926,115306.5,2.47399,115319.0,0.05311,1
2025-09-15T23:05:02.644365,115306.5,2.47406,115319.0,0.05311,1
2025-09-15T23:05:02.652986,115306.5,2.47406,115319.0,0.05311,1
2025-09-15T23:05:02.696037,115306.5,2.47406,115319.0,0.05311,1
2025-09-15T23:05:02.713570,115306.5,2.47406,115319.0,0.05311,1
2025-09-15T23:05:02.752965,115306.5,2.47406,115319.0,0.05311,1
2025-09-15T23:05:02.760072,115306.5,2.47406,115319.0,0.05311,1
2025-09-15T23:05:02.805353,115306.5,2.47406,115319.0,0.05311,1
2025-09-15T23:05:02.827126,115306.5,2.47406,115319.0,0.05311,1
2025-09-15T23:05:02.832769,115306.5,2.47406,115319.0,0.05311,1
2025-09-15T23:05:02.843282,115306.5,2.47406,115319.0,0.05311,1
2025-09-15T23:05:02.857535,115306.5,2.47406,115319.0,0.05311,1
2025-09-15T23:05:02.881669,115306.5,2.47406,115319.0,0.05311,1
2025-09-15T23:05:02.924145,115306.5,2.47406,115319.0,0.05311,1
2025-09-15T23:05:02.931257,115306.5,2.47406,115319.0,0.05311,1
2025-09-15T23:05:02.948066,115306.5,2.47406,115319.0,0.05311,1
2025-09-15T23:05:02.950022,115306.5,2.47406,115319.0,0.05311,1
2025-09-15T23:05:02.973844,115306.5,2.47406,115319.0,0.05311,1
2025-09-15T23:05:03.007859,115306.5,2.47406,115319.0,0.05311,1
2025-09-15T23:05:03.011222,115306.5,2.47406,115319.0,0.05311,1
2025-09-15T23:05:03.022865,115306.5,2.47406,115319.0,0.05311,1
2025-09-15T23:05:03.043254,115306.5,2.47406,115319.0,0.05311,1
2025-09-15T23:05:03.048318,115306.5,2.47406,115319.0,0.05311,1
2025-09-15T23:05:03.072141,115306.5,2.47406,115319.0,0.05311,1
2025-09-15T23:05:03.082491,115306.5,2.47406,115319.0,0.05311,1
2025-09-15T23:05:03.120481,115306.5,2.47406,115319.0,0.05311,1
2025-09-15T23:05:03.134648,115306.5,2.47406,115319.0,0.05311,1
2025-09-15T23:05:03.154458,115306.5,2.47406,115319.0,0.05311,1
2025-09-15T23:05:03.191863,115306.5,2.47406,115319.0,0.05311,1
2025-09-15T23:05:03.197682,115306.5,2.47406,115319.0,0.05311,1
2025-09-15T23:05:03.199745,115306.5,2.47406,115319.0,0.05311,1
2025-09-15T23:05:03.205407,115306.5,2.47406,115319.0,0.05311,1
2025-09-15T23:05:03.222465,115306.5,2.47406,115319.0,0.05311,1
2025-09-15T23:05:03.242052,115306.5,2.47406,115319.0,0.05311,1
2025-09-15T23:05:03.315627,115306.5,2.47406,115319.0,0.05311,1
2025-09-15T23:05:03.344357,115306.5,2.47406,115319.0,0.05311,1
2025-09-15T23:05:03.387094,115306.5,2.47406,115319.0,0.05311,1
2025-09-15T23:05:03.390563,115306.5,2.47406,115319.0,0.05311,1
2025-09-15T23:05:03.396482,115306.5,2.47406,115319.0,0.05311,1
2025-09-15T23:05:03.406963,115306.5,2.47406,115319.0,0.05311,1
2025-09-15T23:05:03.423921,115306.5,2.47406,115319.0,0.05311,1
2025-09-15T23:05:03.471216,115306.5,2.47335,115319.0,0.05311,1
2025-09-15T23:05:03.563211,115306.5,2.47335,115319.0,0.05311,1
2025-09-15T23:05:03.592494,115306.5,2.47335,115319.0,0.05311,1
2025-09-15T23:05:03.657455,115306.5,2.47335,115319.0,0.05311,1
2025-09-15T23:05:03.662863,115306.5,2.47404,115319.0,0.05311,1
2025-09-15T23:05:03.672027,115306.5,2.47404,115319.0,0.05311,1
2025-09-15T23:05:03.680569,115306.5,2.47404,115319.0,0.05311,1
2025-09-15T23:05:03.846446,115306.5,2.47404,115319.0,0.05311,1
2025-09-15T23:05:03.863096,115306.5,2.47404,115319.0,0.05311,1
2025-09-15T23:05:03.891618,115306.5,2.47404,115319.0,0.05311,1
2025-09-15T23:05:03.997008,115306.5,2.47404,115319.0,0.05311,1
2025-09-15T23:05:04.057178,115306.5,2.47404,115319.0,0.05311,1
2025-09-15T23:05:04.186365,115306.5,2.47404,115319.0,0.05311,1
2025-09-15T23:05:04.198683,115306.5,2.47404,115319.0,0.05311,1
2025-09-15T23:05:04.226611,115306.5,2.47404,115319.0,0.05311,1
2025-09-15T23:05:04.312591,115306.5,2.47404,115319.0,0.05311,1
2025-09-15T23:05:04.411360,115306.5,2.47404,115319.0,0.05311,1
2025-09-15T23:05:04.461337,115306.5,2.47404,115319.0,0.05311,1
2025-09-15T23:05:04.533195,115306.5,2.47404,115319.0,0.05311,1
2025-09-15T23:05:04.535368,115306.5,2.47404,115319.0,0.05311,1
2025-09-15T23:05:04.561162,115306.5,2.47404,115319.0,0.05311,1
2025-09-15T23:05:04.566822,115306.5,2.47404,115319.0,0.05311,1
2025-09-15T23:05:04.572479,115306.5,2.47404,115319.0,0.05311,1
2025-09-15T23:05:04.577239,115306.5,2.47404,115319.0,0.05311,1
2025-09-15T23:05:04.591847,115306.5,2.47404,115319.0,0.05311,1
2025-09-15T23:05:04.605667,115306.5,2.47404,115319.0,0.05311,1
2025-09-15T23:05:04.608631,115306.5,2.47404,115319.0,0.05311,1
2025-09-15T23:05:04.682401,115306.5,2.47404,115319.0,0.05311,1
2025-09-15T23:05:04.685393,115304.4,0.00216,115319.0,0.05311,1
2025-09-15T23:05:04.950927,115304.4,0.00216,115319.0,0.05311,1
2025-09-15T23:05:04.953831,115304.4,0.00216,115319.0,0.05311,1
2025-09-15T23:05:04.972380,115304.4,0.00216,115319.0,0.05311,1
2025-09-15T23:05:05.074493,115304.4,0.00216,115319.0,0.05311,1
2025-09-15T23:05:05.078803,115304.4,0.00216,115319.0,0.05311,1
2025-09-15T23:05:05.082705,115304.4,0.00216,115319.0,0.05311,1
2025-09-15T23:05:05.084282,115304.4,0.00216,115319.0,0.05311,1
2025-09-15T23:05:05.116709,115304.4,0.00216,115319.0,0.05311,1
2025-09-15T23:05:05.141564,115304.4,0.00216,115319.0,0.05311,1
2025-09-15T23:05:05.158820,115304.4,0.00216,115319.0,0.05311,1
2025-09-15T23:05:05.182190,115304.4,0.00216,115319.0,0.05311,1
2025-09-15T23:05:05.183935,115304.4,0.00216,115319.0,0.05311,1
2025-09-15T23:05:05.195728,115304.4,0.00216,115319.0,0.05311,1
2025-09-15T23:05:05.249254,115304.4,0.00216,115319.0,0.05311,1
2025-09-15T23:05:05.258982,115304.4,0.00216,115319.0,0.05311,1
2025-09-15T23:05:05.266623,115304.4,0.00216,115319.0,0.05311,1
2025-09-15T23:05:05.353253,115304.4,0.00216,115319.0,0.05311,1
2025-09-15T23:05:05.433896,115304.4,0.00216,115319.0,0.05311,1
2025-09-15T23:05:05.435729,115304.4,0.00216,115319.0,0.05311,1
2025-09-15T23:05:05.477014,115304.4,0.00216,115319.0,0.05311,1
2025-09-15T23:05:05.489009,115304.4,0.00216,115319.0,0.05311,1
2025-09-15T23:05:05.494992,115304.4,0.00216,115319.0,0.05311,1
2025-09-15T23:05:05.535946,115304.4,0.00216,115319.0,0.05311,1
2025-09-15T23:05:05.578845,115304.4,0.00216,115319.0,0.05311,1
2025-09-15T23:05:05.581074,115304.4,0.00216,115319.0,0.05311,1
2025-09-15T23:05:05.600634,115304.4,0.00216,115319.0,0.05311,1
2025-09-15T23:05:05.625606,115304.4,0.00216,115319.0,0.05311,1
2025-09-15T23:05:05.735931,115304.4,0.00216,115319.0,0.05311,1
2025-09-15T23:05:05.936296,115304.4,0.00216,115319.0,0.05311,1
2025-09-15T23:05:05.941225,115304.4,0.00216,115319.0,0.05311,1
2025-09-15T23:05:06.018971,115304.4,0.00216,115319.0,0.05311,1
2025-09-15T23:05:06.041801,115304.4,0.00216,115319.0,0.05311,1
2025-09-15T23:05:06.056573,115304.4,0.00216,115319.0,0.05311,1
2025-09-15T23:05:06.120537,115304.4,0.00216,115319.0,0.05311,1
2025-09-15T23:05:06.153716,115304.4,0.00216,115319.0,0.05311,1
2025-09-15T23:05:06.215585,115304.4,0.00216,115319.0,0.05311,1
2025-09-15T23:05:06.252266,115304.4,0.00216,115319.0,0.05311,1
2025-09-15T23:05:06.263893,115304.4,0.00216,115319.0,0.05311,1
2025-09-15T23:05:06.284812,115304.4,0.00216,115319.0,0.05311,1
2025-09-15T23:05:06.355843,115304.4,0.00216,115319.0,0.05311,1
2025-09-15T23:05:06.369422,115304.4,0.00216,115319.0,0.05311,1
2025-09-15T23:05:06.378591,115304.4,0.00216,115319.0,0.05311,1
2025-09-15T23:05:06.412627,115304.4,0.00216,115319.0,0.05311,1
2025-09-15T23:05:06.452708,115304.4,0.00216,115319.0,0.05311,1
2025-09-15T23:05:06.465334,115304.4,0.00216,115319.0,0.05311,1
2025-09-15T23:05:06.472003,115304.4,0.00216,115319.0,0.05311,1
2025-09-15T23:05:06.489288,115304.4,0.00216,115319.0,0.05311,1
2025-09-15T23:05:06.498259,115304.4,0.00216,115319.0,0.05311,1
2025-09-15T23:05:06.500956,115304.4,0.00216,115319.0,0.05311,1
2025-09-15T23:05:06.504262,115304.4,0.00216,115319.0,0.05311,1
2025-09-15T23:05:06.512441,115304.4,0.00216,115319.0,0.05311,1
2025-09-15T23:05:06.553366,115304.4,0.00216,115319.0,0.05311,1
2025-09-15T23:05:06.562895,115304.4,0.00216,115319.0,0.05311,1
2025-09-15T23:05:06.582542,115304.4,0.00216,115319.0,0.05311,1
2025-09-15T23:05:06.685769,115304.4,0.00216,115319.0,0.05311,1
2025-09-15T23:05:06.702222,115304.4,0.00216,115319.0,0.05311,1
2025-09-15T23:05:06.718886,115304.4,0.00216,115319.0,0.05311,1
2025-09-15T23:05:06.898319,115304.4,0.00216,115319.0,0.05311,1
2025-09-15T23:05:06.943547,115304.4,0.00216,115319.0,0.05311,1
2025-09-15T23:05:07.042503,115304.4,0.00216,115319.0,0.05311,1
2025-09-15T23:05:07.044866,115304.4,0.00216,115319.0,0.05311,1
2025-09-15T23:05:07.061249,115304.4,0.00216,115319.0,0.05311,1
2025-09-15T23:05:07.068920,115304.4,0.00216,115319.0,0.05311,1
2025-09-15T23:05:07.072845,115304.4,0.00216,115319.0,0.05311,1
2025-09-15T23:05:07.096251,115304.4,0.00216,115319.0,0.05311,1
2025-09-15T23:05:07.107436,115304.4,0.00216,115319.0,0.05311,1
2025-09-15T23:05:07.125057,115304.4,0.00216,115319.0,0.05311,1
2025-09-15T23:05:07.134474,115304.4,0.00216,115319.0,0.05311,1
2025-09-15T23:05:07.137909,115304.4,0.00216,115319.0,0.05311,1
2025-09-15T23:05:07.142926,115304.4,0.00216,115319.0,0.05311,1
2025-09-15T23:05:07.148113,115304.4,0.00216,115319.0,0.05311,1
2025-09-15T23:05:07.152704,115304.4,0.00216,115319.0,0.05311,1
2025-09-15T23:05:07.195370,115304.4,0.00216,115319.0,0.05311,1
2025-09-15T23:05:07.196726,115304.4,0.00216,115319.0,0.05311,1
2025-09-15T23:05:07.199694,115304.4,0.00216,115319.0,0.05311,1
2025-09-15T23:05:07.214517,115304.4,0.00216,115319.0,0.05311,1
2025-09-15T23:05:07.245020,115304.4,0.00216,115319.0,0.05311,1
2025-09-15T23:05:07.249804,115304.4,0.00216,115319.0,0.05311,1
2025-09-15T23:05:07.264641,115304.4,0.00216,115319.0,0.05311,1
2025-09-15T23:05:07.290306,115304.4,0.00216,115319.0,0.05311,1
2025-09-15T23:05:07.343063,115304.4,0.00216,115319.0,0.05311,1
2025-09-15T23:05:07.347283,115304.4,0.00216,115319.0,0.05311,1
2025-09-15T23:05:07.374417,115304.4,0.00216,115319.0,0.05311,1
2025-09-15T23:05:07.388085,115304.4,0.00216,115319.0,0.05311,1
2025-09-15T23:05:07.419276,115304.4,0.00216,115319.0,0.05311,1
2025-09-15T23:05:07.457244,115304.4,0.00216,115319.0,0.05311,1
2025-09-15T23:05:07.554276,115304.4,0.00216,115319.0,0.05311,1
2025-09-15T23:05:07.586350,115304.4,0.00216,115319.0,0.05311,1
2025-09-15T23:05:07.676746,115304.4,0.00216,115319.0,0.05311,1
2025-09-15T23:05:07.696517,115304.4,0.00216,115319.0,0.05311,1
2025-09-15T23:05:07.706689,115304.4,0.00216,115319.0,0.05311,1
2025-09-15T23:05:07.708006,115304.4,0.00216,115319.0,0.05311,1
2025-09-15T23:05:07.740748,115304.4,0.00216,115319.0,0.05311,1
2025-09-15T23:05:07.742007,115304.4,0.00216,115319.0,0.05311,1
2025-09-15T23:05:07.742984,115304.4,0.00216,115319.0,0.05311,1
2025-09-15T23:05:07.773565,115304.4,0.00216,115319.0,0.05311,1
2025-09-15T23:05:07.800730,115304.4,0.00216,115319.0,0.05311,1
2025-09-15T23:05:07.809201,115304.4,0.00216,115319.0,0.05311,1
2025-09-15T23:05:07.810918,115304.4,0.00216,115319.0,0.05311,1
2025-09-15T23:05:07.817432,115304.4,0.00216,115319.0,0.05311,1
2025-09-15T23:05:07.844690,115304.4,0.00216,115319.0,0.05311,1
2025-09-15T23:05:07.896176,115304.4,0.00216,115319.0,0.05311,1
2025-09-15T23:05:07.903290,115304.4,0.00216,115319.0,0.05311,1
2025-09-15T23:05:07.926379,115304.4,0.00216,115319.0,0.05311,1
2025-09-15T23:05:07.939851,115304.4,0.00216,115319.0,0.05311,1
2025-09-15T23:05:07.993056,115304.4,0.00216,115319.0,0.05311,1
2025-09-15T23:05:07.997343,115304.4,0.00216,115319.0,0.05311,1
2025-09-15T23:05:08.008948,115304.4,0.00216,115319.0,0.05311,1
2025-09-15T23:05:08.014155,115304.4,0.00216,115319.0,0.05311,1
2025-09-15T23:05:08.030485,115304.4,0.00216,115319.0,0.05311,1
2025-09-15T23:05:08.080460,115304.4,0.00216,115319.0,0.05311,1
2025-09-15T23:05:08.092953,115304.4,0.00216,115319.0,0.05311,1
2025-09-15T23:05:08.144080,115304.4,0.00216,115319.0,0.05311,1
2025-09-15T23:05:08.148979,115304.4,0.00216,115319.0,0.05311,1
2025-09-15T23:05:08.153968,115304.4,0.00216,115319.0,0.05311,1
2025-09-15T23:05:08.155269,115304.4,0.00216,115319.0,0.05311,1
2025-09-15T23:05:08.156897,115304.4,0.00216,115319.0,0.05311,1
2025-09-15T23:05:08.175590,115304.4,0.00216,115319.0,0.05311,1
2025-09-15T23:05:08.178385,115304.4,0.00216,115319.0,0.05311,1
2025-09-15T23:05:08.214907,115304.4,0.00216,115319.0,0.05311,1
2025-09-15T23:05:08.253691,115304.4,0.00216,115319.0,0.05311,1
2025-09-15T23:05:08.259257,115304.4,0.00216,115319.0,0.05311,1
2025-09-15T23:05:08.273820,115304.4,0.00216,115319.0,0.05311,1
2025-09-15T23:05:08.309330,115304.4,0.00216,115319.0,0.05311,1
2025-09-15T23:05:08.321893,115304.4,0.00216,115319.0,0.05311,1
2025-09-15T23:05:08.349850,115304.4,0.00216,115319.0,0.05311,1
2025-09-15T23:05:08.377014,115304.4,0.00216,115319.0,0.05311,1
2025-09-15T23:05:08.404724,115304.4,0.00216,115319.0,0.05311,1
2025-09-15T23:05:08.410625,115304.4,0.00216,115319.0,0.05311,1
2025-09-15T23:05:08.415805,115304.4,0.00216,115319.0,0.05311,1
2025-09-15T23:05:08.532542,115304.4,0.00216,115319.0,0.05311,1
2025-09-15T23:05:08.546064,115304.4,0.00216,115319.0,0.05311,1
2025-09-15T23:05:08.563038,115304.4,0.00216,115319.0,0.05311,1
2025-09-15T23:05:08.636083,115304.4,0.00216,115319.0,0.05311,1
2025-09-15T23:05:08.655190,115304.4,0.00216,115319.0,0.05311,1
2025-09-15T23:05:08.665577,115304.4,0.00216,115319.0,0.05311,1
2025-09-15T23:05:08.764353,115304.4,0.00216,115319.0,0.05311,1
2025-09-15T23:05:08.832608,115304.4,0.00216,115319.0,0.05311,1
2025-09-15T23:05:08.890998,115304.4,0.00216,115319.0,0.05311,1
2025-09-15T23:05:08.939659,115304.4,0.00216,115319.0,0.05311,1
2025-09-15T23:05:09.100469,115304.4,0.00216,115319.0,0.05311,1
2025-09-15T23:05:09.194144,115304.4,0.00216,115319.0,0.05311,1
2025-09-15T23:05:09.222490,115304.4,0.00216,115319.0,0.05311,1
2025-09-15T23:05:09.224434,115304.4,0.00216,115319.0,0.05311,1
2025-09-15T23:05:09.232388,115304.4,0.00216,115319.0,0.05311,1
2025-09-15T23:05:09.239051,115304.4,0.00216,115319.0,0.05311,1
2025-09-15T23:05:09.244012,115304.4,0.00216,115319.0,0.05311,1
2025-09-15T23:05:09.247932,115304.4,0.00216,115319.0,0.05311,1
2025-09-15T23:05:09.259745,115304.4,0.00216,115319.0,0.05311,1
2025-09-15T23:05:09.271233,115304.4,0.00216,115319.0,0.05311,1
2025-09-15T23:05:09.280241,115304.4,0.00216,115319.0,0.05311,1
2025-09-15T23:05:09.286721,115304.4,0.00216,115319.0,0.05311,1
2025-09-15T23:05:09.298635,115304.4,0.00216,115319.0,0.05311,1
2025-09-15T23:05:09.305772,115304.4,0.00216,115319.0,0.05311,1
2025-09-15T23:05:09.321827,115304.4,0.00216,115319.0,0.05311,1
2025-09-15T23:05:09.333388,115304.4,0.00216,115319.0,0.05311,1
2025-09-15T23:05:09.340149,115304.4,0.00216,115319.0,0.05311,1
2025-09-15T23:05:09.346249,115304.4,0.00216,115319.0,0.05311,1
2025-09-15T23:05:09.366420,115304.4,0.00216,115319.0,0.05311,1
2025-09-15T23:05:09.380744,115304.4,0.00216,115319.0,0.05311,1
2025-09-15T23:05:09.386598,115304.4,0.00216,115319.0,0.05311,1
2025-09-15T23:05:09.417238,115304.4,0.00216,115319.0,0.05311,1
2025-09-15T23:05:09.425576,115304.4,0.00216,115319.0,0.05311,1
2025-09-15T23:05:09.427587,115304.4,0.00216,115319.0,0.05311,1
2025-09-15T23:05:09.468882,115304.4,0.00216,115319.0,0.05311,1
2025-09-15T23:05:09.477019,115304.4,0.00216,115319.0,0.05311,1
2025-09-15T23:05:09.542141,115304.4,0.00216,115319.0,0.05311,1
2025-09-15T23:05:09.825691,115304.4,0.00216,115319.0,0.05311,1
2025-09-15T23:05:09.861374,115304.4,0.00216,115319.0,0.05311,1
2025-09-15T23:05:09.863009,115304.4,0.00216,115319.0,0.05311,1
2025-09-15T23:05:09.864749,115304.4,0.00216,115319.0,0.05311,1
2025-09-15T23:05:09.870580,115304.4,0.00216,115319.0,0.05311,1
2025-09-15T23:05:09.880123,115304.4,0.00216,115319.0,0.05311,1
2025-09-15T23:05:09.883336,115304.4,0.00216,115319.0,0.05311,1
2025-09-15T23:05:09.905268,115304.4,0.00216,115319.0,0.05311,1
2025-09-15T23:05:09.907262,115304.4,0.00216,115319.0,0.05311,1
2025-09-15T23:05:09.929914,115304.4,0.00216,115319.0,0.05311,1
2025-09-15T23:05:09.963738,115304.4,0.00216,115319.0,0.05311,1
2025-09-15T23:05:10.032011,115304.4,0.00216,115319.0,0.05311,1
2025-09-15T23:05:10.076142,115304.4,0.00216,115319.0,0.05311,1
2025-09-15T23:05:10.081537,115304.4,0.00216,115319.0,0.05311,1
2025-09-15T23:05:10.089214,115304.4,0.00216,115319.0,0.05311,1
2025-09-15T23:05:10.096305,115304.4,0.00216,115319.0,0.05311,1
2025-09-15T23:05:10.104195,115304.4,0.00216,115319.0,0.05311,1
2025-09-15T23:05:10.121561,115304.4,0.00216,115319.0,0.05311,1
2025-09-15T23:05:10.123472,115304.4,0.00216,115319.0,0.05311,1
2025-09-15T23:05:10.145286,115304.4,0.88663,115319.0,0.05311,1
2025-09-15T23:05:10.147152,115304.4,0.88663,115319.0,0.05311,1
2025-09-15T23:05:10.154866,115304.4,0.88663,115319.0,0.05311,1
2025-09-15T23:05:10.163806,115304.4,0.88663,115319.0,0.05311,1
2025-09-15T23:05:10.169106,115304.4,0.88663,115319.0,0.05311,1
2025-09-15T23:05:10.208035,115304.4,0.88663,115319.0,0.05311,1
2025-09-15T23:05:10.217187,115304.4,0.88663,115319.0,0.05311,1
2025-09-15T23:05:10.225284,115304.4,0.88663,115319.0,0.05311,1
2025-09-15T23:05:10.271682,115304.4,0.88663,115319.0,0.05311,1
2025-09-15T23:05:10.277397,115304.4,0.88663,115319.0,0.05311,1
2025-09-15T23:05:10.295273,115304.4,0.88663,115319.0,0.05311,1
2025-09-15T23:05:10.311475,115304.4,0.88663,115319.0,0.05311,1
2025-09-15T23:05:10.322451,115304.4,0.88663,115319.0,0.05311,1
2025-09-15T23:05:10.338115,115304.4,0.88663,115319.0,0.05311,1
2025-09-15T23:05:10.416424,115304.4,0.88663,115319.0,0.05311,1
2025-09-15T23:05:10.472647,115304.4,0.88663,115319.0,0.05311,1
2025-09-15T23:05:10.477524,115304.4,0.88663,115319.0,0.05311,1
2025-09-15T23:05:10.569527,115304.4,0.88663,115319.0,0.05311,1
2025-09-15T23:05:10.612476,115304.4,0.88663,115319.0,0.05311,1
2025-09-15T23:05:10.622655,115304.4,0.88663,115319.0,0.05311,1
2025-09-15T23:05:10.650441,115304.4,0.88663,115319.0,0.05311,1
2025-09-15T23:05:10.694394,115304.4,0.88663,115319.0,0.05311,1
2025-09-15T23:05:10.716311,115304.4,0.88663,115319.0,0.05311,1
2025-09-15T23:05:10.751459,115304.4,0.88663,115319.0,0.05311,1
2025-09-15T23:05:10.759714,115304.4,0.88663,115319.0,0.05311,1
2025-09-15T23:05:10.769878,115304.4,0.88663,115319.0,0.05311,1
2025-09-15T23:05:10.773590,115304.4,0.88663,115319.0,0.05311,1
2025-09-15T23:05:10.799476,115304.4,0.88663,115319.0,0.05311,1
2025-09-15T23:05:10.802880,115304.4,0.88663,115319.0,0.05311,1
2025-09-15T23:05:10.808499,115304.4,0.88663,115319.0,0.05311,1
2025-09-15T23:05:10.844880,115304.4,0.88663,115319.0,0.05311,1
2025-09-15T23:05:10.848737,115304.4,0.88663,115319.0,0.05311,1
2025-09-15T23:05:10.874025,115304.4,0.88663,115319.0,0.05311,1
2025-09-15T23:05:10.897045,115304.4,0.88663,115319.0,0.05311,1
2025-09-15T23:05:10.933701,115304.4,0.88663,115319.0,0.05311,1
2025-09-15T23:05:10.968356,115304.4,0.88663,115319.0,0.05311,1
2025-09-15T23:05:10.991444,115304.4,0.88663,115319.0,0.05311,1
2025-09-15T23:05:11.008157,115304.4,0.88663,115319.0,0.05311,1
2025-09-15T23:05:11.036039,115304.4,0.88663,115319.0,0.05311,1
2025-09-15T23:05:11.078788,115304.4,0.88663,115319.0,0.05311,1
2025-09-15T23:05:11.118389,115304.4,0.88663,115319.0,0.05311,1
2025-09-15T23:05:11.134091,115304.4,0.88663,115319.0,0.05311,1
2025-09-15T23:05:11.157356,115304.4,0.88663,115319.0,0.05311,1
2025-09-15T23:05:11.167739,115304.4,0.88663,115319.0,0.05311,1
2025-09-15T23:05:11.225734,115304.4,0.88663,115319.0,0.05311,1
2025-09-15T23:05:11.272455,115304.4,0.88663,115319.0,0.05311,1
2025-09-15T23:05:11.282055,115304.4,0.88663,115319.0,0.05311,1
2025-09-15T23:05:11.305836,115304.4,0.88663,115319.0,0.05311,1
2025-09-15T23:05:11.308293,115304.4,0.88663,115319.0,0.05311,1
2025-09-15T23:05:11.313201,115304.4,0.88663,115319.0,0.05311,1
2025-09-15T23:05:11.379759,115304.4,0.88663,115319.0,0.05311,1
2025-09-15T23:05:11.381782,115304.4,0.88663,115319.0,0.05311,1
2025-09-15T23:05:11.394909,115304.4,0.88663,115319.0,0.05311,1
2025-09-15T23:05:11.401497,115304.4,0.88663,115319.0,0.05311,1
2025-09-15T23:05:11.403333,115304.4,0.88663,115319.0,0.05311,1
2025-09-15T23:05:11.406431,115304.4,0.88663,115319.0,0.05311,1
2025-09-15T23:05:11.417882,115304.4,0.88663,115319.0,0.05311,1
2025-09-15T23:05:11.423520,115304.4,0.88663,115319.0,0.05311,1
2025-09-15T23:05:11.431086,115304.4,0.88663,115319.0,0.05311,1
2025-09-15T23:05:11.437305,115304.4,0.88663,115319.0,0.05311,1
2025-09-15T23:05:11.448542,115304.4,0.88663,115319.0,0.05311,1
2025-09-15T23:05:11.492301,115304.4,0.88663,115319.0,0.05311,1
2025-09-15T23:05:11.533443,115304.4,0.88663,115319.0,0.05311,1
2025-09-15T23:05:11.549812,115304.4,0.88663,115319.0,0.05311,1
2025-09-15T23:05:11.566305,115304.4,0.88663,115319.0,0.05311,1
2025-09-15T23:05:11.597948,115304.4,0.88663,115319.0,0.05311,1
2025-09-15T23:05:11.599537,115304.4,0.88663,115319.0,0.05311,1
2025-09-15T23:05:11.624315,115304.4,0.88663,115319.0,0.05311,1
2025-09-15T23:05:11.629210,115304.4,0.88663,115319.0,0.05311,1
2025-09-15T23:05:11.638982,115304.4,0.88663,115319.0,0.05311,1
2025-09-15T23:05:11.669241,115304.4,0.88663,115319.0,0.05311,1
2025-09-15T23:05:11.673693,115304.4,0.88663,115319.0,0.05311,1
2025-09-15T23:05:11.719921,115304.4,0.88663,115319.0,0.05311,1
2025-09-15T23:05:11.725807,115304.4,0.88663,115319.0,0.05311,1
2025-09-15T23:05:11.733052,115304.4,0.88663,115319.0,0.05311,1
2025-09-15T23:05:11.767237,115304.4,0.88663,115319.0,0.05311,1
2025-09-15T23:05:11.780854,115304.4,0.88663,115319.0,0.05311,1
2025-09-15T23:05:11.802925,115304.4,0.88663,115319.0,0.05311,1
2025-09-15T23:05:11.840209,115304.4,0.88663,115319.0,0.05311,1
2025-09-15T23:05:11.857210,115304.4,0.88663,115319.0,0.05311,1
2025-09-15T23:05:11.862703,115304.4,0.88663,115319.0,0.05311,1
2025-09-15T23:05:11.866433,115304.4,0.88663,115319.0,0.05311,1
2025-09-15T23:05:11.873886,115304.4,0.88663,115319.0,0.05311,1
2025-09-15T23:05:11.907776,115304.4,0.88663,115319.0,0.05311,1
2025-09-15T23:05:11.930706,115304.4,0.88663,115319.0,0.05311,1
2025-09-15T23:05:11.939250,115304.4,0.88663,115319.0,0.05311,1
2025-09-15T23:05:11.957814,115304.4,0.88663,115319.0,0.05311,1
2025-09-15T23:05:11.989991,115304.4,0.88663,115319.0,0.05311,1
2025-09-15T23:05:12.045979,115304.4,0.88663,115319.0,0.05311,1
2025-09-15T23:05:12.055826,115304.4,0.88663,115319.0,0.05311,1
2025-09-15T23:05:12.060962,115304.4,0.88663,115319.0,0.05311,1
2025-09-15T23:05:12.067081,115304.4,0.88663,115319.0,0.05311,1
2025-09-15T23:05:12.087680,115304.4,0.88663,115319.0,0.05311,1
2025-09-15T23:05:12.113633,115304.4,0.88663,115319.0,0.05311,1
2025-09-15T23:05:12.123258,115304.4,0.88663,115319.0,0.05311,1
2025-09-15T23:05:12.150111,115304.4,0.88663,115319.0,0.05311,1
2025-09-15T23:05:12.157766,115304.4,0.88663,115319.0,0.05311,1
2025-09-15T23:05:12.198275,115304.4,0.88663,115319.0,0.05311,1
2025-09-15T23:05:12.218247,115304.4,0.88663,115319.0,0.05311,1
2025-09-15T23:05:12.223435,115304.4,0.88663,115319.0,0.05311,1
2025-09-15T23:05:12.232164,115304.4,0.88663,115319.0,0.05311,1
2025-09-15T23:05:12.241891,115304.4,0.88663,115319.0,0.05311,1
2025-09-15T23:05:12.264741,115304.4,0.88663,115319.0,0.05311,1
2025-09-15T23:05:12.280041,115304.4,0.00216,115319.0,0.05311,1
2025-09-15T23:05:12.287869,115304.4,0.00216,115319.0,0.05311,1
2025-09-15T23:05:12.289462,115304.4,0.00216,115319.0,0.05311,1
2025-09-15T23:05:12.291878,115304.4,0.00216,115319.0,0.05311,1
2025-09-15T23:05:12.303372,115304.4,0.00216,115319.0,0.05311,1
2025-09-15T23:05:12.315674,115304.4,0.00216,115319.0,0.05311,1
2025-09-15T23:05:12.331696,115304.4,0.00216,115319.0,0.05311,1
2025-09-15T23:05:12.360966,115304.4,0.00216,115319.0,0.05311,1
2025-09-15T23:05:12.363846,115304.4,0.00216,115319.0,0.05311,1
2025-09-15T23:05:12.394960,115304.4,0.00216,115319.0,0.05311,1
2025-09-15T23:05:12.416472,115304.4,0.00216,115319.0,0.05311,1
2025-09-15T23:05:12.445030,115304.4,0.00216,115319.0,0.05311,1
2025-09-15T23:05:12.451370,115304.4,0.00216,115319.0,0.05311,1
2025-09-15T23:05:12.457955,115304.4,0.00216,115319.0,0.05311,1
2025-09-15T23:05:12.464346,115304.4,0.00216,115319.0,0.05311,1
2025-09-15T23:05:12.473515,115304.4,0.00216,115319.0,0.05311,1
2025-09-15T23:05:12.493661,115304.4,0.00216,115319.0,0.05311,1
2025-09-15T23:05:12.501042,115304.4,0.00216,115319.0,0.05311,1
2025-09-15T23:05:12.502777,115304.4,0.00216,115319.0,0.05311,1
2025-09-15T23:05:12.511078,115304.4,0.00216,115319.0,0.05311,1
2025-09-15T23:05:12.543929,115304.4,0.00216,115319.0,0.05311,1
2025-09-15T23:05:12.572871,115304.4,0.00216,115319.0,0.05311,1
2025-09-15T23:05:12.640382,115304.4,0.00216,115319.0,0.05311,1
2025-09-15T23:05:12.641705,115304.4,0.00216,115319.0,0.05311,1
2025-09-15T23:05:12.650780,115304.4,0.00216,115319.0,0.05311,1
2025-09-15T23:05:12.679839,115304.4,0.00216,115319.0,0.05311,1
2025-09-15T23:05:12.695320,115304.4,0.00216,115319.0,0.05311,1
2025-09-15T23:05:12.701403,115304.4,0.00216,115319.0,0.05311,1
2025-09-15T23:05:12.720841,115304.4,0.00216,115319.0,0.05311,1
2025-09-15T23:05:12.770555,115304.4,0.00216,115319.0,0.05311,1
2025-09-15T23:05:12.782465,115304.4,0.00216,115319.0,0.05311,1
2025-09-15T23:05:12.795102,115304.4,0.00216,115319.0,0.05311,1
2025-09-15T23:05:12.825447,115304.4,0.00216,115319.0,0.05311,1
2025-09-15T23:05:12.831646,115304.4,0.00216,115319.0,0.05311,1
2025-09-15T23:05:12.857445,115304.4,0.00216,115319.0,0.05311,1
2025-09-15T23:05:12.860888,115304.4,0.00216,115319.0,0.05311,1
2025-09-15T23:05:12.880014,115304.4,0.00216,115319.0,0.05311,1
2025-09-15T23:05:12.885663,115304.4,0.00216,115319.0,0.05311,1
2025-09-15T23:05:12.898432,115304.4,0.00216,115319.0,0.05311,1
2025-09-15T23:05:12.906823,115304.4,0.00216,115319.0,0.05311,1
2025-09-15T23:05:12.929822,115304.4,0.00216,115319.0,0.05311,1
2025-09-15T23:05:12.943073,115304.4,0.00216,115319.0,0.05311,1
2025-09-15T23:05:12.944436,115304.4,0.00216,115319.0,0.05311,1
2025-09-15T23:05:12.950878,115304.4,0.00216,115319.0,0.05311,1
2025-09-15T23:05:12.956511,115304.4,0.00216,115319.0,0.05311,1
2025-09-15T23:05:12.976141,115304.4,0.00216,115319.0,0.05311,1
2025-09-15T23:05:12.983871,115304.4,0.00216,115319.0,0.05311,1
2025-09-15T23:05:12.995008,115304.4,0.00216,115319.0,0.05311,1
2025-09-15T23:05:12.997004,115304.4,0.00216,115319.0,0.05311,1
2025-09-15T23:05:13.011540,115304.4,0.00216,115319.0,0.05311,1
2025-09-15T23:05:13.021481,115304.4,0.00216,115319.0,0.05311,1
2025-09-15T23:05:13.031677,115304.4,0.00216,115319.0,0.05311,1
2025-09-15T23:05:13.047170,115304.4,0.00216,115319.0,0.05311,1
2025-09-15T23:05:13.060453,115304.4,0.00216,115319.0,0.05311,1
2025-09-15T23:05:13.090414,115304.4,0.00216,115319.0,0.05311,1
2025-09-15T23:05:13.093561,115304.4,0.00216,115319.0,0.05311,1
2025-09-15T23:05:13.128925,115304.4,0.00216,115319.0,0.05311,1
2025-09-15T23:05:13.139729,115304.4,0.00216,115319.0,0.05311,1
2025-09-15T23:05:13.142480,115304.4,0.00216,115319.0,0.05311,1
2025-09-15T23:05:13.156223,115304.4,0.00216,115319.0,0.05311,1
2025-09-15T23:05:13.211084,115304.4,0.00216,115319.0,0.05311,1
2025-09-15T23:05:13.216220,115304.4,0.00216,115319.0,0.05311,1
2025-09-15T23:05:13.237897,115304.4,0.00216,115319.0,0.05311,1
2025-09-15T23:05:13.245480,115304.4,0.00216,115319.0,0.05311,1
2025-09-15T23:05:13.294311,115304.4,0.00216,115319.0,0.05311,1
2025-09-15T23:05:13.305710,115304.4,0.00216,115319.0,0.05311,1
2025-09-15T23:05:13.325804,115304.4,0.00216,115319.0,0.05311,1
2025-09-15T23:05:13.366083,115304.4,0.00216,115319.0,0.05311,1
2025-09-15T23:05:13.382799,115304.4,0.00216,115319.0,0.05311,1
2025-09-15T23:05:13.389107,115304.4,0.00216,115319.0,0.05311,1
2025-09-15T23:05:13.410192,115304.4,0.00216,115319.0,0.05311,1
2025-09-15T23:05:13.440576,115304.4,0.00216,115319.0,0.05311,1
2025-09-15T23:05:13.456733,115304.4,0.00216,115319.0,0.05311,1
2025-09-15T23:05:13.488029,115304.4,0.00216,115319.0,0.05311,1
2025-09-15T23:05:13.506071,115304.4,0.00216,115319.0,0.05311,1
2025-09-15T23:05:13.525890,115304.4,0.00216,115319.0,0.05311,1
2025-09-15T23:05:13.555290,115304.4,0.00216,115319.0,0.05311,1
2025-09-15T23:05:13.615605,115304.4,0.00216,115319.0,0.05311,1
2025-09-15T23:05:13.623334,115304.4,0.00216,115319.0,0.05311,1
2025-09-15T23:05:13.625376,115304.4,0.00216,115319.0,0.05311,1
2025-09-15T23:05:13.648844,115304.4,0.00216,115319.0,0.05311,1
2025-09-15T23:05:13.674121,115304.4,0.00216,115319.0,0.05311,1
2025-09-15T23:05:13.723924,115304.4,0.00216,115319.0,0.05311,1
2025-09-15T23:05:13.745131,115304.4,0.00216,115319.0,0.05311,1
2025-09-15T23:05:13.757104,115304.4,0.00216,115319.0,0.05311,1
2025-09-15T23:05:13.763039,115304.4,0.00216,115319.0,0.05311,1
2025-09-15T23:05:13.799799,115304.4,0.00216,115319.0,0.05311,1
2025-09-15T23:05:13.833498,115304.4,0.00216,115319.0,0.05311,1
2025-09-15T23:05:13.847138,115304.4,0.00216,115319.0,0.05311,1
2025-09-15T23:05:13.873609,115304.4,0.00216,115319.0,0.05311,1
2025-09-15T23:05:13.888705,115304.4,0.00216,115319.0,0.05311,1
2025-09-15T23:05:13.896171,115304.4,0.00216,115319.0,0.05311,1
2025-09-15T23:05:13.921117,115304.4,0.00216,115319.0,0.05311,1
2025-09-15T23:05:13.927513,115304.4,0.00216,115319.0,0.05311,1
2025-09-15T23:05:13.938338,115304.4,0.00216,115319.0,0.05311,1
2025-09-15T23:05:13.958443,115304.4,0.00216,115319.0,0.05311,1
2025-09-15T23:05:13.972699,115304.4,0.00216,115319.0,0.05311,1
2025-09-15T23:05:13.991229,115304.4,0.00216,115319.0,0.05311,1
2025-09-15T23:05:13.992702,115304.4,0.00216,115319.0,0.05311,1
2025-09-15T23:05:13.997322,115304.4,0.00216,115319.0,0.05311,1
2025-09-15T23:05:14.014675,115304.4,0.00216,115319.0,0.05311,1
2025-09-15T23:05:14.028150,115304.4,0.00216,115319.0,0.05311,1
2025-09-15T23:05:14.045231,115304.4,0.00216,115319.0,0.05311,1
2025-09-15T23:05:14.063253,115304.4,0.00216,115319.0,0.05311,1
2025-09-15T23:05:14.077070,115304.4,0.00216,115319.0,0.05311,1
2025-09-15T23:05:14.081257,115304.4,0.00216,115319.0,0.05311,1
2025-09-15T23:05:14.273112,115304.4,0.00216,115319.0,0.05311,1
2025-09-15T23:05:14.277994,115304.4,0.00216,115319.0,0.05311,1
2025-09-15T23:05:14.339746,115304.4,0.00216,115319.0,0.05311,1
2025-09-15T23:05:14.390360,115304.4,0.00216,115319.0,0.05311,1
2025-09-15T23:05:14.394242,115304.4,0.00216,115319.0,0.05311,1
2025-09-15T23:05:14.429119,115304.4,0.00216,115319.0,0.05311,1
2025-09-15T23:05:14.523055,115304.4,0.00216,115319.0,0.05311,1
2025-09-15T23:05:14.606429,115304.4,0.00216,115319.0,0.05311,1
2025-09-15T23:05:14.638667,115304.4,0.00216,115319.0,0.05311,1
2025-09-15T23:05:14.647766,115304.4,0.00216,115319.0,0.05311,1
2025-09-15T23:05:14.654041,115304.4,0.00216,115319.0,0.05311,1
2025-09-15T23:05:14.780380,115304.4,0.00216,115319.0,0.05311,1
2025-09-15T23:05:14.802555,115304.4,0.00216,115319.0,0.05311,1
2025-09-15T23:05:14.845926,115304.4,0.00216,115319.0,0.05311,1
2025-09-15T23:05:14.896077,115304.4,0.00216,115319.0,0.05311,1
2025-09-15T23:05:14.911766,115304.4,0.00216,115319.0,0.05311,1
2025-09-15T23:05:14.969994,115304.4,0.00216,115319.0,0.05311,1
2025-09-15T23:05:14.972697,115304.4,0.00216,115319.0,0.05311,1
2025-09-15T23:05:15.006693,115304.4,0.00216,115319.0,0.05311,1
2025-09-15T23:05:15.017090,115304.4,0.00216,115319.0,0.05311,1
2025-09-15T23:05:15.028292,115304.4,0.00216,115319.0,0.05311,1
2025-09-15T23:05:15.043441,115304.4,0.00216,115319.0,0.05311,1
2025-09-15T23:05:15.075795,115304.4,0.00216,115319.0,0.05311,1
2025-09-15T23:05:15.112870,115304.4,0.00216,115319.0,0.05311,1
2025-09-15T23:05:15.132518,115304.4,0.00216,115319.0,0.05311,1
2025-09-15T23:05:15.133936,115304.4,0.00216,115319.0,0.05311,1
2025-09-15T23:05:15.146179,115304.4,0.00216,115319.0,0.05311,1
2025-09-15T23:05:15.163219,115304.4,0.00216,115319.0,0.05311,1
2025-09-15T23:05:15.168919,115304.4,0.00216,115319.0,0.05311,1
2025-09-15T23:05:15.175561,115304.4,0.00216,115319.0,0.05311,1
2025-09-15T23:05:15.177279,115304.4,0.00216,115319.0,0.05311,1
2025-09-15T23:05:15.199730,115304.4,0.00216,115319.0,0.05311,1
2025-09-15T23:05:15.218337,115304.4,0.00216,115319.0,0.05311,1
2025-09-15T23:05:15.221064,115304.4,0.00216,115319.0,0.05311,1
2025-09-15T23:05:15.225773,115304.4,0.00216,115319.0,0.05311,1
2025-09-15T23:05:15.228060,115304.4,0.00216,115319.0,0.05311,1
2025-09-15T23:05:15.231257,115304.4,0.00216,115319.0,0.05311,1
2025-09-15T23:05:15.252276,115304.4,0.00216,115319.0,0.05311,1
2025-09-15T23:05:15.257716,115304.4,0.00216,115319.0,0.05311,1
2025-09-15T23:05:15.271693,115304.4,0.00216,115319.0,0.05311,1
2025-09-15T23:05:15.305909,115304.4,0.00216,115319.0,0.05311,1
2025-09-15T23:05:15.321418,115304.4,0.00216,115319.0,0.05311,1
2025-09-15T23:05:15.334982,115304.4,0.00216,115319.0,0.05311,1
2025-09-15T23:05:15.344257,115304.4,0.00216,115319.0,0.05311,1
2025-09-15T23:05:15.359087,115304.4,0.00216,115319.0,0.05311,1
2025-09-15T23:05:15.395024,115304.4,0.00216,115319.0,0.05311,1
2025-09-15T23:05:15.413791,115304.4,0.00216,115319.0,0.05311,1
2025-09-15T23:05:15.428515,115304.4,0.00216,115319.0,0.05311,1
2025-09-15T23:05:15.440460,115304.4,0.00216,115319.0,0.05311,1
2025-09-15T23:05:15.443705,115304.4,0.00216,115319.0,0.05311,1
2025-09-15T23:05:15.454220,115304.4,0.00216,115319.0,0.05311,1
2025-09-15T23:05:15.466215,115304.4,0.00216,115319.0,0.05311,1
2025-09-15T23:05:15.488930,115304.4,0.00216,115319.0,0.05311,1
2025-09-15T23:05:15.511983,115304.4,0.00216,115319.0,0.05311,1
2025-09-15T23:05:15.547367,115304.4,0.00216,115319.0,0.05311,1
2025-09-15T23:05:15.568236,115304.4,0.00216,115319.0,0.05311,1
2025-09-15T23:05:15.583623,115304.4,0.00216,115319.0,0.05311,1
2025-09-15T23:05:15.589133,115304.4,0.00216,115319.0,0.05311,1
2025-09-15T23:05:15.607652,115304.4,0.00216,115319.0,0.05311,1
2025-09-15T23:05:15.626423,115304.4,0.00216,115319.0,0.05311,1
2025-09-15T23:05:15.671253,115304.4,0.00216,115319.0,0.05311,1
2025-09-15T23:05:15.693695,115304.4,0.00216,115319.0,0.05311,1
2025-09-15T23:05:15.710186,115304.4,0.00216,115319.0,0.05311,1
2025-09-15T23:05:15.714402,115304.4,0.00216,115319.0,0.05311,1
2025-09-15T23:05:15.744580,115304.4,0.00216,115319.0,0.05311,1
2025-09-15T23:05:15.766988,115304.4,0.00216,115319.0,0.05311,1
2025-09-15T23:05:15.774604,115304.4,0.00216,115319.0,0.05311,1
2025-09-15T23:05:15.795166,115304.4,0.00216,115319.0,0.05311,1
2025-09-15T23:05:15.816399,115304.4,0.00216,115319.0,0.05311,1
2025-09-15T23:05:15.822947,115304.4,0.00216,115319.0,0.05311,1
2025-09-15T23:05:15.837108,115304.4,0.00216,115319.0,0.05311,1
2025-09-15T23:05:15.838632,115304.4,0.00216,115319.0,0.05311,1
2025-09-15T23:05:15.842619,115304.4,0.00216,115319.0,0.05311,1
2025-09-15T23:05:15.865192,115304.4,0.00216,115319.0,0.05311,1
2025-09-15T23:05:15.869221,115304.4,0.00216,115319.0,0.05311,1
2025-09-15T23:05:15.882472,115304.4,0.00216,115319.0,0.05311,1
2025-09-15T23:05:15.922510,115304.4,0.00216,115319.0,0.05311,1
2025-09-15T23:05:15.937133,115304.4,0.00216,115319.0,0.05311,1
2025-09-15T23:05:15.939181,115304.4,0.00216,115319.0,0.05311,1
2025-09-15T23:05:15.946049,115304.4,0.00216,115319.0,0.05311,1
2025-09-15T23:05:15.947783,115304.4,0.00216,115319.0,0.05311,1
2025-09-15T23:05:16.032211,115304.4,0.00216,115319.0,0.05311,1
2025-09-15T23:05:16.085460,115304.4,0.00216,115319.0,0.05311,1
2025-09-15T23:05:16.092486,115304.4,0.00216,115319.0,0.05311,1
2025-09-15T23:05:16.167278,115304.4,0.00216,115319.0,0.05311,1
2025-09-15T23:05:16.217027,115304.4,0.00216,115319.0,0.05311,1
2025-09-15T23:05:16.218844,115304.4,0.00216,115319.0,0.05311,1
2025-09-15T23:05:16.278129,115304.4,0.00216,115319.0,0.05311,1
2025-09-15T23:05:16.476697,115304.4,0.00216,115319.0,0.05311,1
2025-09-15T23:05:16.478582,115304.4,0.00216,115319.0,0.05311,1
2025-09-15T23:05:16.516619,115304.4,0.00216,115319.0,0.05311,1
2025-09-15T23:05:16.567637,115304.4,0.00216,115319.0,0.05311,1
2025-09-15T23:05:16.615681,115304.4,0.00216,115319.0,0.05311,1
2025-09-15T23:05:16.620425,115304.4,0.00216,115319.0,0.05311,1
2025-09-15T23:05:16.626340,115304.4,0.00216,115319.0,0.05311,1
2025-09-15T23:05:16.637009,115304.4,0.00216,115319.0,0.05311,1
2025-09-15T23:05:16.639767,115304.4,0.00216,115319.0,0.05311,1
2025-09-15T23:05:16.654490,115304.4,0.00216,115319.0,0.05311,1
2025-09-15T23:05:16.696371,115304.4,0.00216,115319.0,0.05311,1
2025-09-15T23:05:16.734116,115304.4,0.00216,115319.0,0.05311,1
2025-09-15T23:05:16.739763,115304.4,0.00216,115319.0,0.05311,1
2025-09-15T23:05:16.747770,115304.4,0.00216,115319.0,0.05311,1
2025-09-15T23:05:16.774230,115304.4,0.00216,115319.0,0.05311,1
2025-09-15T23:05:16.886559,115304.4,0.00216,115319.0,0.05311,1
2025-09-15T23:05:16.905619,115304.4,0.00216,115319.0,0.05311,1
2025-09-15T23:05:16.943372,115304.4,0.00216,115319.0,0.05311,1
2025-09-15T23:05:17.147566,115304.4,0.00216,115319.0,0.05311,1
2025-09-15T23:05:17.207522,115304.4,0.00216,115319.0,0.05311,1
2025-09-15T23:05:17.218471,115304.4,0.00216,115319.0,0.05311,1
2025-09-15T23:05:17.289264,115304.4,0.00216,115319.0,0.05311,1
2025-09-15T23:05:17.295504,115304.4,0.00216,115319.0,0.05311,1
2025-09-15T23:05:17.328636,115304.4,0.00216,115319.0,0.05311,1
2025-09-15T23:05:17.330121,115304.4,0.00216,115319.0,0.05311,1
2025-09-15T23:05:17.331189,115304.4,0.00216,115319.0,0.05311,1
2025-09-15T23:05:17.356100,115304.4,0.00216,115319.0,0.05311,1
2025-09-15T23:05:17.361396,115304.4,0.00216,115319.0,0.05311,1
2025-09-15T23:05:17.369654,115304.4,0.00216,115319.0,0.05311,1
2025-09-15T23:05:17.388658,115304.4,0.00216,115319.0,0.05311,1
2025-09-15T23:05:17.401628,115304.4,0.00216,115319.0,0.05311,1
2025-09-15T23:05:17.449430,115304.4,0.00216,115319.0,0.05311,1
2025-09-15T23:05:17.452977,115304.4,0.00216,115319.0,0.05311,1
2025-09-15T23:05:17.491259,115304.4,0.00216,115319.0,0.05311,1
2025-09-15T23:05:17.497254,115304.4,0.00216,115319.0,0.05311,1
2025-09-15T23:05:17.564028,115304.4,0.00216,115319.0,0.05311,1
2025-09-15T23:05:17.638926,115304.4,0.00216,115319.0,0.05311,1
2025-09-15T23:05:17.736178,115304.4,0.00216,115319.0,0.05311,1
2025-09-15T23:05:17.782426,115304.4,0.00216,115319.0,0.05311,1
2025-09-15T23:05:17.787991,115304.4,0.00216,115319.0,0.05311,1
2025-09-15T23:05:17.824435,115304.4,0.00216,115319.0,0.05311,1
2025-09-15T23:05:17.828469,115304.4,0.00216,115319.0,0.05311,1
2025-09-15T23:05:17.837073,115304.4,0.00216,115319.0,0.05311,1
2025-09-15T23:05:17.936266,115304.4,0.00216,115319.0,0.05311,1
2025-09-15T23:05:17.944618,115304.4,0.00216,115319.0,0.05311,1
2025-09-15T23:05:17.956171,115304.4,0.00216,115319.0,0.05311,1
2025-09-15T23:05:17.961690,115304.4,0.00216,115319.0,0.05311,1
2025-09-15T23:05:17.970693,115304.4,0.00216,115319.0,0.05311,1
2025-09-15T23:05:18.037513,115304.4,0.00216,115319.0,0.05311,1
2025-09-15T23:05:18.069108,115304.4,0.00216,115319.0,0.05311,1
2025-09-15T23:05:18.096720,115304.4,0.00216,115319.0,0.05311,1
2025-09-15T23:05:18.147970,115304.4,0.00216,115319.0,0.05311,1
2025-09-15T23:05:18.212148,115304.4,0.00216,115319.0,0.05311,1
2025-09-15T23:05:18.323633,115304.4,0.00216,115319.0,0.05311,1
2025-09-15T23:05:18.349197,115304.4,0.00216,115319.0,0.05311,1
2025-09-15T23:05:18.524444,115304.4,0.00216,115319.0,0.05311,1
2025-09-15T23:05:18.575119,115304.4,0.00216,115319.0,0.05311,1
2025-09-15T23:05:18.599464,115304.4,0.00216,115319.0,0.05311,1
2025-09-15T23:05:18.607649,115304.4,0.00216,115319.0,0.05311,1
2025-09-15T23:05:18.638738,115304.4,0.00216,115319.0,0.05311,1
2025-09-15T23:05:18.683416,115304.4,0.00216,115319.0,0.05311,1
2025-09-15T23:05:18.711570,115304.4,0.00216,115319.0,0.05311,1
2025-09-15T23:05:18.770887,115304.4,0.00216,115319.0,0.05311,1
2025-09-15T23:05:18.813316,115304.4,0.00216,115319.0,0.05311,1
2025-09-15T23:05:18.856968,115304.4,0.00216,115319.0,0.05311,1
2025-09-15T23:05:18.908817,115304.4,0.00216,115319.0,0.05311,1
2025-09-15T23:05:18.927372,115304.4,0.00216,115319.0,0.05311,1
2025-09-15T23:05:18.970329,115304.4,0.00216,115319.0,0.05311,1
2025-09-15T23:05:18.973259,115304.4,0.00216,115319.0,0.05311,1
2025-09-15T23:05:19.066438,115304.4,0.00216,115319.0,0.05311,1
2025-09-15T23:05:19.099941,115304.4,0.00216,115319.0,0.05311,1
2025-09-15T23:05:19.110900,115304.4,0.00216,115319.0,0.05311,1
2025-09-15T23:05:19.117056,115304.4,0.00216,115319.0,0.05311,1
2025-09-15T23:05:19.140810,115304.4,0.00216,115319.0,0.05311,1
2025-09-15T23:05:19.262762,115304.4,0.00216,115319.0,0.05311,1
2025-09-15T23:05:19.284158,115304.4,0.00216,115319.0,0.05311,1
2025-09-15T23:05:19.287419,115304.4,0.00216,115319.0,0.05311,1
2025-09-15T23:05:19.307668,115304.4,0.00216,115319.0,0.05311,1
2025-09-15T23:05:19.326473,115304.4,0.00216,115319.0,0.05311,1
2025-09-15T23:05:19.329363,115304.4,0.00216,115319.0,0.05311,1
2025-09-15T23:05:19.389970,115304.4,0.00216,115319.0,0.05311,1
2025-09-15T23:05:19.394457,115304.4,0.00216,115319.0,0.22671,1
2025-09-15T23:05:19.440103,115304.4,0.00216,115319.0,0.22671,1
2025-09-15T23:05:19.455368,115304.4,0.00216,115319.0,0.22671,1
2025-09-15T23:05:19.473863,115304.4,0.00216,115319.0,0.05311,1
2025-09-15T23:05:19.480436,115304.4,0.00216,115319.0,0.05311,1
2025-09-15T23:05:19.482143,115304.4,0.00216,115319.0,0.05311,1
2025-09-15T23:05:19.484634,115304.4,0.00216,115319.0,0.05311,1
2025-09-15T23:05:19.487349,115304.4,0.00216,115319.0,0.05311,1
2025-09-15T23:05:19.495135,115304.4,0.00216,115319.0,0.05311,1
2025-09-15T23:05:19.501818,115304.4,0.00216,115319.0,0.05311,1
2025-09-15T23:05:19.520719,115304.4,0.00216,115319.0,0.05311,1
2025-09-15T23:05:19.522273,115304.4,0.00216,115319.0,0.05311,1
2025-09-15T23:05:19.531311,115304.4,0.00216,115319.0,0.05311,1
2025-09-15T23:05:19.533227,115304.4,0.00216,115319.0,0.05311,1
2025-09-15T23:05:19.574901,115304.4,0.00216,115319.0,0.05311,1
2025-09-15T23:05:19.576354,115304.4,0.00216,115319.0,0.05311,1
2025-09-15T23:05:19.577841,115304.4,0.00216,115319.0,0.05311,1
2025-09-15T23:05:19.590119,115304.4,0.00216,115319.0,0.05311,1
2025-09-15T23:05:19.658756,115304.4,0.00216,115319.0,0.05311,1
2025-09-15T23:05:19.671436,115304.4,0.00216,115319.0,0.05311,1
2025-09-15T23:05:19.688009,115304.4,0.00216,115319.0,0.05311,1
2025-09-15T23:05:19.693299,115304.4,0.00216,115319.0,0.05311,1
2025-09-15T23:05:19.747320,115304.4,0.00216,115319.0,0.05311,1
2025-09-15T23:05:19.748357,115304.4,0.00216,115319.0,0.05311,1
2025-09-15T23:05:19.757095,115304.4,0.00216,115319.0,0.05311,1
2025-09-15T23:05:19.758123,115304.4,0.00216,115319.0,0.05311,1
2025-09-15T23:05:19.822373,115304.4,0.00216,115319.0,0.05311,1
2025-09-15T23:05:19.829033,115304.4,0.00216,115319.0,0.05311,1
2025-09-15T23:05:19.891797,115304.4,0.00216,115319.0,0.05311,1
2025-09-15T23:05:20.006950,115304.4,0.00216,115319.0,0.05311,1
2025-09-15T23:05:20.012667,115304.4,0.00216,115319.0,0.05311,1
2025-09-15T23:05:20.065004,115304.4,0.00216,115319.0,0.05311,1
2025-09-15T23:05:20.078423,115304.4,0.00216,115319.0,0.05311,1
2025-09-15T23:05:20.163843,115304.4,0.00216,115319.0,0.05311,1
2025-09-15T23:05:20.227529,115304.4,0.00216,115319.0,0.05311,1
2025-09-15T23:05:20.283829,115304.4,0.00216,115319.0,0.05311,1
2025-09-15T23:05:20.428031,115304.4,0.00216,115319.0,0.05311,1
2025-09-15T23:05:20.541464,115304.4,0.00216,115319.0,0.05311,1
2025-09-15T23:05:20.545659,115304.4,0.00216,115319.0,0.05311,1
2025-09-15T23:05:20.566353,115304.4,0.00216,115319.0,0.05311,1
2025-09-15T23:05:20.569836,115304.4,0.00216,115319.0,0.05311,1
2025-09-15T23:05:20.586793,115304.4,0.00216,115319.0,0.05311,1
2025-09-15T23:05:20.588217,115304.4,0.00216,115319.0,0.05311,1
2025-09-15T23:05:20.605875,115304.4,0.00216,115319.0,0.05311,1
2025-09-15T23:05:20.692973,115304.4,0.00216,115319.0,0.05311,1
2025-09-15T23:05:20.719493,115304.4,0.00216,115319.0,0.05311,1
2025-09-15T23:05:20.815531,115304.4,0.00216,115319.0,0.05311,1
2025-09-15T23:05:20.857796,115304.4,0.00216,115319.0,0.05311,1
2025-09-15T23:05:21.084552,115304.4,0.00216,115319.0,0.05311,1
2025-09-15T23:05:21.085673,115304.4,0.00216,115319.0,0.05311,1
2025-09-15T23:05:21.126489,115304.4,0.00216,115319.0,0.05311,1
2025-09-15T23:05:21.181546,115304.4,0.00216,115319.0,0.05311,1
2025-09-15T23:05:21.455600,115304.4,0.00216,115319.0,0.05311,1
2025-09-15T23:05:21.472815,115304.4,0.00216,115319.0,0.05311,1
2025-09-15T23:05:21.489085,115304.4,0.00216,115319.0,0.05311,1
2025-09-15T23:05:21.519453,115304.4,0.00216,115319.0,0.05311,1
2025-09-15T23:05:21.617959,115304.4,0.00216,115319.0,0.05311,1
2025-09-15T23:05:21.619850,115304.4,0.00216,115319.0,0.05311,1
2025-09-15T23:05:21.634141,115304.4,0.00216,115319.0,0.05311,1
2025-09-15T23:05:21.693004,115304.4,0.00216,115319.0,0.05311,1
2025-09-15T23:05:21.722388,115304.4,0.00216,115319.0,0.05311,1
2025-09-15T23:05:21.792955,115304.4,0.00216,115319.0,0.05311,1
2025-09-15T23:05:21.794228,115304.4,0.00216,115319.0,0.05311,1
2025-09-15T23:05:21.849516,115304.4,0.00216,115319.0,0.05311,1
2025-09-15T23:05:22.035255,115304.4,0.00216,115319.0,0.05311,1
2025-09-15T23:05:22.066049,115304.4,0.00216,115319.0,0.05311,1
2025-09-15T23:05:22.537405,115304.4,0.00216,115319.0,0.05311,1
2025-09-15T23:05:22.538989,115304.4,0.00216,115319.0,0.05311,1
2025-09-15T23:05:22.554908,115304.4,0.00216,115319.0,0.05311,1
2025-09-15T23:05:22.669458,115304.4,0.00216,115319.0,0.05311,1
2025-09-15T23:05:22.678025,115304.4,0.00216,115319.0,0.05311,1
2025-09-15T23:05:23.055448,115304.4,0.00216,115319.0,0.05311,1
2025-09-15T23:05:23.255676,115304.4,0.00216,115319.0,0.05311,1
2025-09-15T23:05:23.259296,115304.4,0.00216,115319.0,0.05311,1
2025-09-15T23:05:23.288452,115304.4,0.00216,115319.0,0.05311,1
2025-09-15T23:05:23.293472,115304.4,0.00216,115319.0,0.05311,1
2025-09-15T23:05:23.317442,115304.4,0.00216,115319.0,0.05311,1
2025-09-15T23:05:23.326636,115304.4,0.00216,115319.0,0.05311,1
2025-09-15T23:05:23.335228,115304.4,0.00216,115319.0,0.05311,1
2025-09-15T23:05:23.353653,115304.4,0.00216,115319.0,0.05311,1
2025-09-15T23:05:23.366735,115304.4,0.00216,115319.0,0.05311,1
2025-09-15T23:05:23.428417,115304.4,0.00216,115319.0,0.05311,1
2025-09-15T23:05:23.440381,115304.4,0.00216,115319.0,0.05311,1
2025-09-15T23:05:23.563136,115304.4,0.00216,115319.0,0.05311,1
2025-09-15T23:05:23.566316,115304.4,0.00216,115319.0,0.05311,1
2025-09-15T23:05:23.700097,115304.4,0.00216,115319.0,0.05311,1
2025-09-15T23:05:23.748549,115304.4,0.00216,115319.0,0.05311,1
2025-09-15T23:05:23.758236,115304.4,0.00216,115319.0,0.05311,1
2025-09-15T23:05:23.770543,115304.4,0.00216,115319.0,0.05311,1
2025-09-15T23:05:23.775976,115304.4,0.00216,115319.0,0.05311,1
2025-09-15T23:05:23.781965,115304.4,0.00216,115319.0,0.05311,1
2025-09-15T23:05:23.803181,115304.4,0.00216,115319.0,0.05311,1
2025-09-15T23:05:23.830702,115304.4,0.00216,115319.0,0.05311,1
2025-09-15T23:05:23.930956,115304.4,0.00216,115319.0,0.05311,1
2025-09-15T23:05:23.967646,115304.4,0.00216,115319.0,0.05311,1
2025-09-15T23:05:23.990583,115304.4,0.00216,115319.0,0.05311,1
2025-09-15T23:05:24.022868,115304.4,0.00216,115319.0,0.05311,1
2025-09-15T23:05:24.074578,115304.4,0.00216,115319.0,0.05311,1
2025-09-15T23:05:24.160543,115304.4,0.00216,115319.0,0.05311,1
2025-09-15T23:05:24.275529,115304.4,0.00216,115319.0,0.05311,1
2025-09-15T23:05:24.291957,115304.4,0.00216,115319.0,0.05311,1
2025-09-15T23:05:24.372599,115304.4,0.00216,115319.0,0.05311,1
2025-09-15T23:05:24.391429,115304.4,0.00216,115319.0,0.05311,1
2025-09-15T23:05:24.409124,115304.4,0.00216,115319.0,0.05311,1
2025-09-15T23:05:24.438270,115304.4,0.00216,115319.0,0.05311,1
2025-09-15T23:05:24.465905,115304.4,0.00216,115319.0,0.05311,1
2025-09-15T23:05:24.580764,115304.4,0.00216,115319.0,0.05311,1
2025-09-15T23:05:24.613405,115304.4,0.00216,115319.0,0.05311,1
2025-09-15T23:05:24.615094,115304.4,0.00216,115319.0,0.05311,1
2025-09-15T23:05:24.618838,115304.4,0.00216,115319.0,0.05311,1
2025-09-15T23:05:24.700731,115304.4,0.00216,115319.0,0.05311,1
2025-09-15T23:05:24.704773,115304.4,0.00216,115319.0,0.05311,1
2025-09-15T23:05:24.714020,115304.4,0.00216,115319.0,0.05311,1
2025-09-15T23:05:24.722088,115304.4,0.00216,115319.0,0.05311,1
2025-09-15T23:05:24.753449,115304.4,0.00216,115319.0,0.05311,1
2025-09-15T23:05:24.758384,115304.4,0.00216,115319.0,0.05311,1
2025-09-15T23:05:24.768123,115304.4,0.00216,115319.0,0.05311,1
2025-09-15T23:05:24.799563,115304.4,0.00216,115319.0,0.05311,1
2025-09-15T23:05:24.813385,115304.4,0.00216,115319.0,0.05311,1
2025-09-15T23:05:24.817999,115304.4,0.00216,115319.0,0.05311,1
2025-09-15T23:05:24.932127,115304.4,0.00216,115319.0,0.05311,1
2025-09-15T23:05:24.938357,115304.4,0.00216,115319.0,0.05311,1
2025-09-15T23:05:24.998443,115304.4,0.00216,115319.0,0.05311,1
2025-09-15T23:05:25.086121,115304.4,0.00216,115319.0,0.05311,1
2025-09-15T23:05:25.132212,115304.4,0.00216,115319.0,0.05311,1
2025-09-15T23:05:25.137260,115304.4,0.00216,115319.0,0.05311,1
2025-09-15T23:05:25.155159,115304.4,0.00216,115319.0,0.05311,1
2025-09-15T23:05:25.159672,115304.4,0.00216,115319.0,0.05311,1
2025-09-15T23:05:25.161457,115304.4,0.00216,115319.0,0.05311,1
2025-09-15T23:05:25.258717,115304.4,0.00216,115319.0,0.05311,1
2025-09-15T23:05:25.264744,115304.4,0.00216,115319.0,0.05311,1
2025-09-15T23:05:25.396206,115304.4,0.00216,115319.0,0.05311,1
2025-09-15T23:05:25.475419,115304.4,0.00216,115319.0,0.05311,1
2025-09-15T23:05:25.502473,115304.4,0.00216,115319.0,0.05311,1
2025-09-15T23:05:25.505179,115304.4,0.00216,115319.0,0.05311,1
2025-09-15T23:05:25.507550,115304.4,0.00216,115319.0,0.05311,1
2025-09-15T23:05:25.508893,115304.4,0.00216,115319.0,0.05311,1
2025-09-15T23:05:25.512027,115304.4,0.00216,115319.0,0.05311,1
2025-09-15T23:05:25.545895,115304.4,0.00216,115319.0,0.05311,1
2025-09-15T23:05:25.559269,115304.4,0.00216,115319.0,0.05311,1
2025-09-15T23:05:25.580365,115304.4,0.00216,115319.0,0.05311,1
2025-09-15T23:05:25.583934,115304.4,0.00216,115319.0,0.05311,1
2025-09-15T23:05:25.587857,115304.4,0.00216,115319.0,0.05311,1
2025-09-15T23:05:25.613730,115304.4,0.00216,115319.0,0.05311,1
2025-09-15T23:05:25.626230,115304.4,0.00216,115319.0,0.05311,1
2025-09-15T23:05:25.675336,115304.4,0.00216,115319.0,0.05311,1
2025-09-15T23:05:25.682793,115304.4,0.00216,115319.0,0.05311,1
2025-09-15T23:05:25.722836,115304.4,0.00216,115319.0,0.05311,1
2025-09-15T23:05:25.730794,115304.4,0.00216,115319.0,0.05311,1
2025-09-15T23:05:25.770301,115304.4,0.00216,115319.0,0.05311,1
2025-09-15T23:05:25.792908,115304.4,0.00216,115319.0,0.05311,1
2025-09-15T23:05:25.847601,115304.4,0.00216,115319.0,0.05311,1
2025-09-15T23:05:25.900381,115304.4,0.00216,115319.0,0.05311,1
2025-09-15T23:05:25.910688,115304.4,0.00216,115319.0,0.05311,1
2025-09-15T23:05:25.914512,115304.4,0.00216,115319.0,0.05311,1
2025-09-15T23:05:25.968974,115304.4,0.00216,115319.0,0.05311,1
2025-09-15T23:05:26.032177,115304.4,0.00216,115319.0,0.05311,1
2025-09-15T23:05:26.092155,115304.4,0.00216,115319.0,0.05311,1
2025-09-15T23:05:26.170264,115304.4,0.00216,115319.0,0.05311,1
2025-09-15T23:05:26.218719,115304.4,0.00216,115319.0,0.05311,1
2025-09-15T23:05:26.339354,115304.4,0.00216,115319.0,0.05311,1
2025-09-15T23:05:26.366800,115304.4,0.00216,115319.0,0.22671,1
2025-09-15T23:05:26.394233,115304.4,0.00216,115319.0,0.22671,1
2025-09-15T23:05:26.405454,115304.4,0.00216,115319.0,0.22671,1
2025-09-15T23:05:26.460594,115304.4,0.00216,115319.0,0.22671,1
2025-09-15T23:05:26.500719,115304.4,0.00216,115319.0,0.22671,1
2025-09-15T23:05:26.514976,115304.4,0.00216,115319.0,0.05311,1
2025-09-15T23:05:26.550011,115304.4,0.00216,115319.0,0.05311,1
2025-09-15T23:05:26.552408,115304.4,0.00216,115319.0,0.05311,1
2025-09-15T23:05:26.557127,115304.4,0.00216,115319.0,0.05311,1
2025-09-15T23:05:26.576769,115304.4,0.00216,115319.0,0.05311,1
2025-09-15T23:05:26.582339,115304.4,0.00216,115319.0,0.05311,1
2025-09-15T23:05:26.584030,115304.4,0.00216,115319.0,0.05311,1
2025-09-15T23:05:26.600623,115304.4,0.00216,115319.0,0.05311,1
2025-09-15T23:05:26.602015,115304.4,0.00216,115319.0,0.05311,1
2025-09-15T23:05:26.637269,115304.4,0.00216,115319.0,0.05311,1
2025-09-15T23:05:26.640580,115304.4,0.00216,115319.0,0.05311,1
2025-09-15T23:05:26.652944,115304.4,0.00216,115319.0,0.05311,1
2025-09-15T23:05:26.654331,115304.4,0.00216,115319.0,0.05311,1
2025-09-15T23:05:26.668359,115304.4,0.00216,115319.0,0.05311,1
2025-09-15T23:05:26.674117,115304.4,0.00216,115319.0,0.05311,1
2025-09-15T23:05:26.758392,115304.4,0.00216,115319.0,0.05311,1
2025-09-15T23:05:26.800975,115304.4,0.00216,115319.0,0.05311,1
2025-09-15T23:05:26.835672,115304.4,0.00216,115319.0,0.05311,1
2025-09-15T23:05:26.838168,115304.4,0.00216,115319.0,0.05311,1
2025-09-15T23:05:26.856838,115304.4,0.00216,115319.0,0.05311,1
2025-09-15T23:05:26.871527,115304.4,0.00216,115319.0,0.05311,1
2025-09-15T23:05:26.876985,115304.4,0.00216,115319.0,0.05311,1
2025-09-15T23:05:26.970267,115304.4,0.00216,115319.0,0.05311,1
2025-09-15T23:05:26.977930,115304.4,0.00216,115319.0,0.05311,1
2025-09-15T23:05:27.081072,115304.4,0.00216,115319.0,0.05311,1
2025-09-15T23:05:27.113001,115304.4,0.00216,115319.0,0.05311,1
2025-09-15T23:05:27.129403,115304.4,0.00216,115319.0,0.05311,1
2025-09-15T23:05:27.177769,115304.4,0.00216,115319.0,0.05311,1
2025-09-15T23:05:27.225307,115304.4,0.00216,115319.0,0.05311,1
2025-09-15T23:05:27.272152,115304.4,0.00216,115319.0,0.05311,1
2025-09-15T23:05:27.282689,115304.4,0.00216,115319.0,0.05311,1
2025-09-15T23:05:27.293328,115304.4,0.00216,115319.0,0.05311,1
2025-09-15T23:05:27.394812,115304.4,0.00216,115319.0,0.05311,1
2025-09-15T23:05:27.697077,115304.4,0.00216,115319.0,0.05311,1
2025-09-15T23:06:25.874965,115309.1,0.1219,115314.1,0.00049,1
2025-09-15T23:06:25.876459,115309.1,0.12155,115314.1,0.00049,1
2025-09-15T23:06:25.877701,115309.1,0.12155,115314.1,0.00049,1
2025-09-15T23:06:25.878819,115309.1,0.12155,115314.1,0.00049,1
2025-09-15T23:06:25.880026,115309.1,0.12155,115314.1,0.00049,1
2025-09-15T23:06:25.882974,115309.1,0.12155,115314.1,0.00049,1
2025-09-15T23:06:25.884654,115309.1,0.12155,115314.1,0.00049,1
2025-09-15T23:06:25.887547,115309.1,0.12155,115314.1,0.00049,1
2025-09-15T23:06:25.889966,115309.1,0.12155,115314.1,0.00049,1
2025-09-15T23:06:25.891094,115309.1,0.12155,115314.1,0.00049,1
2025-09-15T23:06:25.907883,115309.1,0.12155,115314.1,0.00049,1
2025-09-15T23:06:25.909431,115309.1,0.12155,115314.1,0.00049,1
2025-09-15T23:06:25.910381,115309.1,0.12155,115314.1,0.00049,1
2025-09-15T23:06:25.911302,115309.1,0.07462,115314.1,0.00049,1
2025-09-15T23:06:25.912403,115308.5,0.46161,115314.1,0.00049,1
2025-09-15T23:06:25.913773,115308.5,0.46161,115314.1,0.00049,1
2025-09-15T23:06:25.916151,115308.5,0.46161,115314.1,0.00049,1
2025-09-15T23:06:25.919587,115308.5,0.46161,115314.1,0.00049,1
2025-09-15T23:06:25.920981,115308.5,0.46161,115314.1,0.00049,1
2025-09-15T23:06:25.922969,115308.5,0.46161,115314.1,0.00049,1
2025-09-15T23:06:25.924533,115308.5,0.46161,115314.1,0.00049,1
2025-09-15T23:06:25.925723,115308.5,0.46161,115314.1,0.00049,1
2025-09-15T23:06:25.927913,115308.5,0.46161,115314.1,0.00049,1
2025-09-15T23:06:25.929499,115308.5,0.46161,115314.1,0.00049,1
2025-09-15T23:06:25.930365,115308.5,0.46161,115314.1,0.05252,1
2025-09-15T23:06:25.931218,115308.5,0.46161,115314.1,0.03364,1
2025-09-15T23:06:25.934465,115308.5,0.46161,115314.1,0.03364,1
2025-09-15T23:06:25.938826,115308.5,0.46161,115314.1,0.03364,1
2025-09-15T23:06:25.940527,115308.5,0.46161,115314.1,0.03364,1
2025-09-15T23:06:25.942643,115308.5,0.46161,115314.1,0.03364,1
2025-09-15T23:06:25.950207,115308.5,0.46161,115314.1,0.03321,1
2025-09-15T23:06:25.956624,115308.5,0.46161,115314.1,0.02591,1
2025-09-15T23:06:25.961477,115308.5,0.46161,115314.1,0.02591,1
2025-09-15T23:06:25.962297,115308.5,0.46161,115314.1,0.02591,1
2025-09-15T23:06:25.963055,115308.5,0.46161,115314.1,0.02591,1
2025-09-15T23:06:25.966217,115308.5,0.46161,115314.1,0.02591,1
2025-09-15T23:06:25.967262,115308.5,0.46161,115314.1,0.02591,1
2025-09-15T23:06:25.969501,115308.5,0.46161,115314.1,0.02591,1
2025-09-15T23:06:25.972159,115308.5,0.46161,115314.1,0.02591,1
2025-09-15T23:06:26.038079,115308.5,0.46161,115314.1,0.02591,1
2025-09-15T23:06:26.053142,115308.5,0.46161,115314.1,0.02591,1
2025-09-15T23:06:26.112783,115308.5,0.46161,115314.1,0.02591,1
2025-09-15T23:06:26.115676,115308.5,0.46161,115314.1,0.02591,1
2025-09-15T23:06:26.121830,115308.5,0.46161,115314.1,0.02591,1
2025-09-15T23:06:26.126875,115308.5,0.46161,115314.1,0.02591,1
2025-09-15T23:06:26.154855,115308.5,0.46161,115314.1,0.02591,1
2025-09-15T23:06:26.196743,115308.5,0.46161,115314.1,0.02591,1
2025-09-15T23:06:26.223952,115308.5,0.46161,115314.1,0.02591,1
2025-09-15T23:06:26.227662,115308.5,0.46161,115314.1,0.02591,1
2025-09-15T23:06:26.285196,115308.5,0.46161,115314.1,0.02591,1
2025-09-15T23:06:26.428324,115308.5,0.46161,115314.1,0.02591,1
2025-09-15T23:06:26.430013,115308.5,0.46161,115314.1,0.02591,1
2025-09-15T23:06:26.437273,115308.5,0.46161,115314.1,0.02591,1
2025-09-15T23:06:26.454714,115308.5,0.63521,115314.1,0.02591,1
2025-09-15T23:06:26.519445,115308.5,0.63521,115314.1,0.02591,1
2025-09-15T23:06:26.524908,115308.5,0.63521,115314.1,0.02591,1
2025-09-15T23:06:26.555578,115308.5,0.63521,115314.1,0.02591,1
2025-09-15T23:06:26.608576,115308.5,0.63521,115314.1,0.02591,1
2025-09-15T23:06:26.629122,115308.5,0.63521,115314.1,0.02591,1
2025-09-15T23:06:26.659910,115308.5,0.63521,115314.1,0.02591,1
2025-09-15T23:06:26.813348,115308.5,0.63521,115314.1,0.02591,1
2025-09-15T23:06:26.846675,115308.5,0.63521,115314.1,0.02591,1
2025-09-15T23:06:26.850373,115308.5,0.63521,115314.1,0.02591,1
2025-09-15T23:06:26.898857,115308.5,0.63521,115314.1,0.02591,1
2025-09-15T23:06:26.994155,115308.5,0.63521,115314.1,0.02591,1
2025-09-15T23:06:27.122121,115308.5,0.63521,115314.1,0.01007,1
2025-09-15T23:06:27.151955,115308.5,0.63521,115314.1,0.01007,1
2025-09-15T23:06:27.204956,115308.5,0.63521,115314.1,0.01007,1
2025-09-15T23:06:27.337373,115308.5,0.63521,115314.1,0.01007,1
2025-09-15T23:06:27.408203,115308.5,0.46161,115314.1,0.01007,1
2025-09-15T23:06:27.729609,115308.5,0.46161,115314.1,0.01007,1
2025-09-15T23:06:27.754713,115308.5,0.46161,115314.1,0.01007,1
2025-09-15T23:06:27.819995,115308.5,0.46161,115314.1,0.01007,1
2025-09-15T23:06:27.865392,115308.5,0.46161,115314.1,0.01007,1
2025-09-15T23:06:27.939201,115308.5,0.46161,115314.1,0.01007,1
2025-09-15T23:06:28.102523,115308.5,0.46161,115314.1,0.01007,1
2025-09-15T23:06:28.343546,115308.5,0.46161,115314.1,0.01007,1
2025-09-15T23:06:28.344986,115308.5,0.46161,115314.1,0.01007,1
2025-09-15T23:06:28.423428,115308.5,0.46161,115314.1,0.01007,1
2025-09-15T23:06:28.479934,115308.5,0.46161,115314.1,0.01007,1
2025-09-15T23:06:28.597872,115308.5,0.46161,115314.1,0.01007,1
2025-09-15T23:06:28.705678,115308.5,0.46161,115314.1,0.01007,1
2025-09-15T23:06:28.790157,115308.5,0.46161,115314.1,0.01007,1
2025-09-15T23:06:28.839839,115308.5,0.46161,115314.1,0.01007,1
2025-09-15T23:06:28.910217,115308.5,0.46161,115314.1,0.01007,1
2025-09-15T23:06:28.911671,115308.5,0.46161,115314.1,0.01007,1
2025-09-15T23:06:29.024624,115308.5,0.46161,115314.1,0.01007,1
2025-09-15T23:06:29.060063,115308.5,0.46161,115314.1,0.01007,1
2025-09-15T23:06:29.075139,115308.5,0.46161,115314.1,0.01,1
2025-09-15T23:06:29.097473,115308.5,0.46161,115314.1,0.01,1
2025-09-15T23:06:29.233726,115308.5,0.46161,115314.1,0.01,1
2025-09-15T23:06:29.290942,115308.5,0.46161,115314.1,0.01,1
2025-09-15T23:06:29.364340,115308.5,0.46161,115314.1,0.01,1
2025-09-15T23:06:29.607577,115308.5,0.46161,115314.1,0.01,1
2025-09-15T23:06:29.764569,115308.5,0.46161,115314.1,0.01,1
2025-09-15T23:06:29.774110,115308.5,0.46161,115314.1,0.01,1
2025-09-15T23:06:29.876211,115308.5,0.46161,115314.1,0.01,1
2025-09-15T23:06:29.987190,115308.5,0.46161,115314.1,0.01,1
2025-09-15T23:06:30.146743,115308.5,0.46161,115314.1,0.01,1
2025-09-15T23:06:30.252275,115308.5,0.46161,115314.1,0.01,1
2025-09-15T23:06:30.334947,115308.5,0.46161,115314.1,0.01,1
2025-09-15T23:06:30.409600,115308.5,0.46161,115314.1,0.01,1
2025-09-15T23:06:30.428322,115308.5,0.46161,115314.1,0.01,1
2025-09-15T23:06:30.445617,115308.5,0.46161,115314.1,0.01,1
2025-09-15T23:06:30.465994,115308.5,0.46161,115314.1,0.01,1
2025-09-15T23:06:30.514794,115308.5,0.46161,115314.1,0.01,1
2025-09-15T23:06:30.516695,115308.5,0.46161,115314.1,0.01,1
2025-09-15T23:06:30.526557,115308.5,0.46161,115314.1,0.01,1
2025-09-15T23:06:30.621140,115308.5,0.46161,115314.1,0.01,1
2025-09-15T23:06:30.639987,115308.5,0.46161,115314.1,0.01,1
2025-09-15T23:06:30.750291,115308.5,0.46161,115314.1,0.01,1
2025-09-15T23:06:30.755526,115308.5,0.46161,115314.1,0.01,1
2025-09-15T23:06:30.763982,115308.5,0.46161,115314.1,0.01,1
2025-09-15T23:06:30.801269,115308.5,0.46161,115314.1,0.01,1
2025-09-15T23:06:30.894965,115308.5,0.46161,115314.1,0.01,1
2025-09-15T23:06:30.921918,115308.5,0.46161,115314.1,0.01,1
2025-09-15T23:06:30.942886,115308.5,0.46161,115314.1,0.01,1
2025-09-15T23:06:30.956384,115308.5,0.46161,115314.1,0.01,1
2025-09-15T23:06:30.990642,115308.5,0.46161,115314.1,0.01,1
2025-09-15T23:06:31.000349,115308.5,0.46161,115314.1,0.01,1
2025-09-15T23:06:31.006616,115308.5,0.46161,115314.1,0.01,1
2025-09-15T23:06:31.021774,115308.5,0.46161,115314.1,0.01,1
2025-09-15T23:06:31.038047,115308.5,0.46161,115314.1,0.01,1
2025-09-15T23:06:31.101149,115308.5,0.46161,115314.1,0.01,1
2025-09-15T23:06:31.133851,115308.5,0.46161,115314.1,0.01,1
2025-09-15T23:06:31.142776,115308.5,0.46161,115314.1,0.01,1
2025-09-15T23:06:31.157614,115308.5,0.46161,115314.1,0.01,1
2025-09-15T23:06:31.166162,115308.5,0.46161,115314.1,0.01,1
2025-09-15T23:06:31.171164,115308.5,0.46161,115314.1,0.01,1
2025-09-15T23:06:31.274237,115308.5,0.46161,115314.1,0.01,1
2025-09-15T23:06:31.278906,115308.5,0.46161,115314.1,0.01,1
2025-09-15T23:06:31.403569,115308.5,0.46161,115314.1,0.01,1
2025-09-15T23:06:31.421723,115308.5,0.46161,115314.1,0.01,1
2025-09-15T23:06:31.424598,115308.5,0.46161,115314.1,0.01,1
2025-09-15T23:06:31.430059,115308.5,0.46161,115314.1,0.01,1
2025-09-15T23:06:31.436944,115308.5,0.46161,115314.1,0.01,1
2025-09-15T23:06:31.439496,115308.5,0.46161,115314.1,0.01,1
2025-09-15T23:06:31.449629,115308.5,0.46161,115314.1,0.01,1
2025-09-15T23:06:31.454527,115308.5,0.46161,115314.1,0.01,1
2025-09-15T23:06:31.467608,115308.5,0.46161,115314.1,0.01,1
2025-09-15T23:06:31.486118,115308.5,0.46161,115314.1,0.01,1
2025-09-15T23:06:31.527276,115308.5,0.46161,115314.1,0.01,1
2025-09-15T23:06:31.534689,115308.5,0.46161,115314.1,0.01,1
2025-09-15T23:06:31.545061,115308.5,0.46161,115314.1,0.01,1
2025-09-15T23:06:31.638130,115308.5,0.46161,115314.1,0.01,1
2025-09-15T23:06:31.738563,115308.5,0.46161,115314.1,0.01,1
2025-09-15T23:06:31.770346,115308.5,0.46161,115314.1,0.01,1
2025-09-15T23:06:31.774365,115308.5,0.46161,115314.1,0.01,1
2025-09-15T23:06:31.917494,115308.5,0.46161,115314.1,0.01,1
2025-09-15T23:06:31.948589,115308.5,0.46161,115314.1,0.01,1
2025-09-15T23:06:31.952240,115308.5,0.46161,115314.1,0.01,1
2025-09-15T23:06:31.981575,115308.5,0.46161,115314.1,0.01,1
2025-09-15T23:06:32.097355,115308.5,0.46161,115314.1,0.01,1
2025-09-15T23:06:32.192664,115308.5,0.46161,115314.1,0.01,1
2025-09-15T23:06:32.278417,115308.5,0.46161,115314.1,0.01,1
2025-09-15T23:06:32.414917,115308.5,0.46161,115314.1,0.01,1
2025-09-15T23:06:32.472915,115308.5,0.46161,115314.1,0.01,1
2025-09-15T23:06:32.474999,115308.5,0.46161,115314.1,0.01,1
2025-09-15T23:06:32.479440,115308.5,0.46161,115314.1,0.01,1
2025-09-15T23:06:32.535089,115308.5,0.46161,115314.1,0.01,1
2025-09-15T23:06:32.538177,115308.5,0.46161,115314.1,0.01,1
2025-09-15T23:06:32.541774,115308.5,0.46161,115314.1,0.01,1
2025-09-15T23:06:32.545415,115308.5,0.46161,115314.1,0.01,1
2025-09-15T23:06:32.565680,115308.5,0.46161,115314.1,0.01,1
2025-09-15T23:06:32.629534,115308.5,0.46161,115314.1,0.01,1
2025-09-15T23:06:32.641516,115308.5,0.46161,115314.1,0.01,1
2025-09-15T23:06:32.683131,115308.5,0.46161,115314.1,0.01,1
2025-09-15T23:06:32.760401,115308.5,0.46161,115314.1,0.01,1
2025-09-15T23:06:32.766104,115308.5,0.46161,115322.2,0.03599,1
2025-09-15T23:06:32.775817,115308.5,0.46161,115322.2,0.03599,1
2025-09-15T23:06:32.784206,115308.5,0.46161,115322.2,0.03599,1
2025-09-15T23:06:32.787200,115308.5,0.46161,115322.2,0.03599,1
2025-09-15T23:06:32.793146,115308.5,0.46161,115322.2,0.03599,1
2025-09-15T23:06:32.800703,115308.5,0.46161,115322.2,0.03599,1
2025-09-15T23:06:32.807027,115308.5,0.46161,115322.2,0.03599,1
2025-09-15T23:06:32.817107,115308.5,0.46161,115322.2,0.03599,1
2025-09-15T23:06:32.824126,115308.5,0.46161,115322.2,0.03599,1
2025-09-15T23:06:32.845625,115308.5,0.46161,115322.2,0.03599,1
2025-09-15T23:06:32.848249,115308.5,0.46161,115322.2,0.03599,1
2025-09-15T23:06:32.920348,115308.5,0.46161,115322.2,0.03599,1
2025-09-15T23:06:32.969488,115308.5,0.46161,115322.2,0.03599,1
2025-09-15T23:06:33.006243,115308.5,0.46161,115322.2,0.03599,1
2025-09-15T23:06:33.054043,115308.5,0.46161,115322.2,0.03599,1
2025-09-15T23:06:33.071076,115308.5,0.46161,115322.2,0.03599,1
2025-09-15T23:06:33.074871,115308.5,0.46161,115322.2,0.03599,1
2025-09-15T23:06:33.092394,115308.5,0.46161,115322.2,0.03599,1
2025-09-15T23:06:33.104906,115308.5,0.46161,115322.2,0.03599,1
2025-09-15T23:06:33.115792,115308.5,0.46161,115322.2,0.03599,1
2025-09-15T23:06:33.220780,115308.5,0.46161,115322.2,0.03599,1
2025-09-15T23:06:33.360939,115308.5,0.46161,115322.2,0.03599,1
2025-09-15T23:06:33.363622,115308.5,0.63521,115322.2,0.03599,1
2025-09-15T23:06:33.427832,115308.5,0.63521,115322.2,0.03599,1
2025-09-15T23:06:33.484062,115308.5,0.63521,115322.2,0.03599,1
2025-09-15T23:06:33.521696,115308.5,0.63521,115322.2,0.03599,1
2025-09-15T23:06:33.528303,115308.5,0.63521,115322.2,0.03599,1
2025-09-15T23:06:33.576216,115308.5,0.63521,115322.2,0.03599,1
2025-09-15T23:06:33.690590,115308.5,0.63521,115322.2,0.03599,1
2025-09-15T23:06:33.714069,115308.5,0.46161,115322.2,0.03599,1
2025-09-15T23:06:33.754858,115308.5,0.46161,115322.2,0.03599,1
2025-09-15T23:06:33.756605,115308.5,0.46161,115322.2,0.03599,1
2025-09-15T23:06:33.848046,115308.5,0.46161,115322.2,0.03599,1
2025-09-15T23:06:33.935788,115308.5,0.46161,115322.2,0.03599,1
2025-09-15T23:06:33.969085,115308.5,0.46161,115322.2,0.03599,1
2025-09-15T23:06:34.024649,115308.5,0.46161,115322.2,0.03599,1
2025-09-15T23:06:34.028410,115308.5,0.46161,115322.2,0.03599,1
2025-09-15T23:06:34.031527,115308.5,0.46161,115322.2,0.03599,1
2025-09-15T23:06:34.038889,115308.5,0.46161,115322.2,0.03599,1
2025-09-15T23:06:34.060970,115308.5,0.46161,115322.2,0.03599,1
2025-09-15T23:06:34.061966,115308.5,0.63108,115322.2,0.03599,1
2025-09-15T23:06:34.064721,115308.5,0.63108,115322.2,0.03599,1
2025-09-15T23:06:34.080432,115308.5,0.63108,115322.2,0.03599,1
2025-09-15T23:06:34.105607,115308.5,0.63108,115322.2,0.03599,1
2025-09-15T23:06:34.124033,115308.5,0.63108,115322.2,0.03599,1
2025-09-15T23:06:34.129311,115308.5,0.63108,115322.2,0.03599,1
2025-09-15T23:06:34.152648,115308.5,0.63108,115322.2,0.03599,1
2025-09-15T23:06:34.162930,115308.5,0.63108,115322.2,0.03599,1
2025-09-15T23:06:34.168867,115308.5,0.46161,115322.2,0.03599,1
2025-09-15T23:06:34.194961,115308.5,0.46161,115322.2,0.03599,1
2025-09-15T23:06:34.246677,115308.5,0.46161,115322.2,0.03599,1
2025-09-15T23:06:34.260101,115308.5,0.46161,115322.2,0.03599,1
2025-09-15T23:06:34.281423,115308.5,0.46161,115322.2,0.03599,1
2025-09-15T23:06:34.343177,115308.5,0.46161,115322.2,0.03599,1
2025-09-15T23:06:34.354921,115308.5,0.46161,115322.2,0.03599,1
2025-09-15T23:06:34.356679,115308.5,0.46161,115322.2,0.03599,1
2025-09-15T23:06:34.389308,115308.5,0.46161,115322.2,0.03599,1
2025-09-15T23:06:34.425595,115308.5,0.46161,115322.2,0.03599,1
2025-09-15T23:06:34.465248,115308.5,0.46161,115322.2,0.03599,1
2025-09-15T23:06:34.472934,115308.5,0.46161,115322.2,0.03599,1
2025-09-15T23:06:34.474767,115308.5,0.46161,115322.2,0.03599,1
2025-09-15T23:06:34.485482,115308.5,0.46161,115322.2,0.47914,1
2025-09-15T23:06:34.527445,115308.5,0.46161,115322.2,0.47914,1
2025-09-15T23:06:34.555016,115308.5,0.46161,115322.2,0.47914,1
2025-09-15T23:06:34.569963,115308.5,0.46161,115322.2,0.47914,1
2025-09-15T23:06:34.598766,115308.5,0.46161,115322.2,0.03599,1
2025-09-15T23:06:34.637074,115308.5,0.46161,115322.2,0.03599,1
2025-09-15T23:06:34.651201,115308.5,0.46161,115322.2,0.03599,1
2025-09-15T23:06:34.672113,115308.5,0.46161,115322.2,0.03599,1
2025-09-15T23:06:34.674049,115308.5,0.46161,115322.2,0.03599,1
2025-09-15T23:06:34.770671,115308.5,0.46161,115322.2,0.03599,1
2025-09-15T23:06:34.782744,115308.5,0.46161,115322.2,0.03599,1
2025-09-15T23:06:34.831099,115308.5,0.46161,115322.2,0.03599,1
2025-09-15T23:06:34.850137,115308.5,0.46161,115322.2,0.03599,1
2025-09-15T23:06:34.866141,115308.5,0.46161,115322.2,0.03599,1
2025-09-15T23:06:34.899133,115308.5,0.46161,115322.2,0.03599,1
2025-09-15T23:06:34.964671,115308.5,0.46161,115322.2,0.03599,1
2025-09-15T23:06:34.999604,115308.5,0.46161,115322.2,0.03599,1
2025-09-15T23:06:35.019621,115308.5,0.46161,115322.2,0.03599,1
2025-09-15T23:06:35.023329,115308.5,0.46161,115322.2,0.03599,1
2025-09-15T23:06:35.029593,115308.5,0.46161,115322.2,0.03599,1
2025-09-15T23:06:35.060271,115308.5,0.46161,115322.2,0.03599,1
2025-09-15T23:06:35.080230,115308.5,0.46161,115322.2,0.03599,1
2025-09-15T23:06:35.083506,115308.5,0.46161,115322.2,1.37221,1
2025-09-15T23:06:35.116998,115308.5,0.46161,115322.2,1.37221,1
2025-09-15T23:06:35.120760,115308.5,0.46161,115322.2,1.37221,1
2025-09-15T23:06:35.133866,115308.5,0.46161,115322.2,1.37221,1
2025-09-15T23:06:35.139974,115308.5,0.46161,115322.2,0.03599,1
2025-09-15T23:06:35.161453,115308.5,0.46161,115322.2,0.03599,1
2025-09-15T23:06:35.205636,115308.5,0.46161,115322.2,0.03599,1
2025-09-15T23:06:35.217049,115308.5,0.46161,115322.2,0.03599,1
2025-09-15T23:06:35.221819,115308.5,0.46161,115322.2,0.03599,1
2025-09-15T23:06:35.232470,115308.5,0.46161,115322.2,0.03599,1
2025-09-15T23:06:35.288052,115308.5,0.46161,115322.2,0.03599,1
2025-09-15T23:06:35.290712,115308.5,0.46161,115322.2,0.03599,1
2025-09-15T23:06:35.342698,115308.5,0.46161,115322.2,0.03599,1
2025-09-15T23:06:35.344392,115308.5,0.46161,115322.2,0.90691,1
2025-09-15T23:06:35.391061,115308.5,0.46161,115322.2,0.90691,1
2025-09-15T23:06:35.412706,115308.5,0.46161,115322.2,0.90691,1
2025-09-15T23:06:35.463402,115308.5,0.46161,115322.2,0.03599,1
2025-09-15T23:06:35.499736,115308.5,0.46161,115322.2,0.03599,1
2025-09-15T23:06:35.562253,115308.5,0.46161,115322.2,0.03599,1
2025-09-15T23:06:35.709808,115308.5,0.46161,115322.2,0.03599,1
2025-09-15T23:06:35.711878,115308.5,0.46161,115322.2,0.03599,1
2025-09-15T23:06:35.736045,115308.5,0.46161,115322.2,0.03599,1
2025-09-15T23:06:35.743078,115308.5,0.46161,115322.2,0.03599,1
2025-09-15T23:06:35.770072,115308.5,0.46161,115322.2,0.91817,1
2025-09-15T23:06:35.814365,115308.5,0.46161,115322.2,0.03599,1
2025-09-15T23:06:35.839674,115308.5,0.46161,115322.2,0.03599,1
2025-09-15T23:06:35.847566,115308.5,0.46161,115322.2,0.03599,1
2025-09-15T23:06:35.849198,115308.5,0.46161,115322.2,0.03599,1
2025-09-15T23:06:35.864488,115308.5,0.46161,115322.2,0.03599,1
2025-09-15T23:06:35.879735,115308.5,0.46161,115322.2,0.03599,1
2025-09-15T23:06:35.881196,115308.5,0.46161,115322.2,0.03599,1
2025-09-15T23:06:35.936960,115308.5,0.46161,115322.2,0.03599,1
2025-09-15T23:06:35.960809,115308.5,0.46161,115322.2,0.03599,1
2025-09-15T23:06:36.011844,115308.5,0.46161,115322.2,0.03599,1
2025-09-15T23:06:36.015590,115308.5,0.46161,115322.2,0.03599,1
2025-09-15T23:06:36.062512,115308.5,0.46161,115322.2,0.03599,1
2025-09-15T23:06:36.105986,115307.4,0.87527,115322.2,0.03599,1
2025-09-15T23:06:36.113155,115307.4,0.87527,115322.2,0.03599,1
2025-09-15T23:06:36.123178,115307.4,0.87527,115322.2,0.03599,1
2025-09-15T23:06:36.138982,115303.3,1.27856,115322.2,0.03599,1
2025-09-15T23:06:36.181809,115300.0,0.00244,115322.2,0.03599,1
2025-09-15T23:06:36.183016,115300.0,0.00244,115322.2,0.03599,1
2025-09-15T23:06:36.185315,115300.0,0.00244,115322.2,0.03599,1
2025-09-15T23:06:36.186593,115300.0,0.00244,115322.2,0.03599,1
2025-09-15T23:06:36.188501,115300.0,0.00244,115322.2,0.03599,1
2025-09-15T23:06:36.193115,115300.0,0.00244,115322.2,0.03599,1
2025-09-15T23:06:36.220219,115300.0,0.00244,115322.2,0.03599,1
2025-09-15T23:06:36.268091,115300.0,0.00244,115322.2,0.03599,1
2025-09-15T23:06:36.306619,115300.0,0.00244,115322.2,0.03599,1
2025-09-15T23:06:36.334117,115300.0,0.00244,115322.2,0.03599,1
2025-09-15T23:06:36.342038,115300.0,0.00244,115322.2,0.03599,1
2025-09-15T23:06:36.344360,115300.0,0.00244,115322.2,0.03599,1
2025-09-15T23:06:36.353101,115300.0,0.00244,115322.2,0.03599,1
2025-09-15T23:06:36.358591,115300.0,0.00244,115322.2,0.03599,1
2025-09-15T23:06:36.360837,115300.0,0.00244,115322.2,0.03599,1
2025-09-15T23:06:36.365454,115300.0,0.00244,115322.2,0.03599,1
2025-09-15T23:06:36.370357,115300.0,0.00244,115322.2,0.03599,1
2025-09-15T23:06:36.377252,115300.0,0.00244,115322.2,0.03599,1
2025-09-15T23:06:36.379245,115300.0,0.00244,115322.2,0.03599,1
2025-09-15T23:06:36.381202,115300.0,0.00244,115322.2,0.03599,1
2025-09-15T23:06:36.382193,115300.0,0.00244,115322.2,0.03599,1
2025-09-15T23:06:36.384550,115300.0,0.00244,115322.2,0.03599,1
2025-09-15T23:06:36.388688,115300.0,0.00244,115322.2,0.03599,1
2025-09-15T23:06:36.396455,115300.0,0.00244,115322.2,0.03599,1
2025-09-15T23:06:36.402184,115300.0,0.00244,115322.2,0.03599,1
2025-09-15T23:06:36.405730,115300.0,0.00244,115322.2,0.03599,1
2025-09-15T23:06:36.408161,115300.0,0.00244,115322.2,0.03599,1
2025-09-15T23:06:36.417570,115300.0,0.00244,115322.2,0.03599,1
2025-09-15T23:06:36.429487,115300.0,0.00244,115322.2,0.03599,1
2025-09-15T23:06:36.448212,115300.0,0.00244,115322.2,0.03599,1
2025-09-15T23:06:36.469239,115300.0,0.00244,115322.2,0.03599,1
2025-09-15T23:06:36.471871,115300.0,0.00244,115322.2,0.03599,1
2025-09-15T23:06:36.478975,115300.0,0.00244,115322.2,0.03599,1
2025-09-15T23:06:36.493743,115300.0,0.00244,115322.2,0.03599,1
2025-09-15T23:06:36.498940,115300.0,0.00244,115322.2,0.03599,1
2025-09-15T23:06:36.510730,115300.0,0.00244,115322.2,0.03599,1
2025-09-15T23:06:36.514316,115300.0,0.00244,115322.2,0.03599,1
2025-09-15T23:06:36.518500,115300.0,0.00244,115322.2,0.03599,1
2025-09-15T23:06:36.522729,115300.0,0.00244,115322.2,0.03599,1
2025-09-15T23:06:36.530971,115300.0,0.00244,115322.2,0.03599,1
2025-09-15T23:06:36.539579,115300.0,0.00244,115322.2,0.03599,1
2025-09-15T23:06:36.543658,115300.0,0.00244,115322.2,0.03599,1
2025-09-15T23:06:36.558787,115300.0,0.00244,115322.2,0.03599,1
2025-09-15T23:06:36.574268,115300.0,0.00244,115322.2,0.03599,1
2025-09-15T23:06:36.585661,115300.0,0.00244,115322.2,0.03599,1
2025-09-15T23:06:36.590740,115300.0,0.00244,115322.2,0.03599,1
2025-09-15T23:06:36.599565,115300.0,0.00244,115322.2,0.03599,1
2025-09-15T23:06:36.608611,115300.0,0.00244,115322.2,0.03599,1
2025-09-15T23:06:36.619659,115300.0,0.00244,115322.2,0.03599,1
2025-09-15T23:06:36.623588,115300.0,0.00244,115322.2,0.03599,1
2025-09-15T23:06:36.648732,115300.0,0.00244,115322.2,0.03599,1
2025-09-15T23:06:36.689277,115300.0,0.00244,115322.2,0.03599,1
2025-09-15T23:06:36.759153,115300.0,0.00244,115322.2,0.03599,1
2025-09-15T23:06:36.764999,115294.4,4.13495,115322.2,0.03599,1
2025-09-15T23:06:36.767126,115294.4,4.13495,115322.2,0.03599,1
2025-09-15T23:06:36.771735,115294.4,4.13495,115322.2,0.03599,1
2025-09-15T23:06:36.773747,115294.4,4.13495,115322.2,0.03599,1
2025-09-15T23:06:36.775339,115294.4,4.13495,115322.2,0.03599,1
2025-09-15T23:06:36.789130,115294.4,4.13495,115322.2,0.03599,1
2025-09-15T23:06:36.793870,115294.4,4.13495,115322.2,0.03599,1
2025-09-15T23:06:36.796354,115294.4,4.13495,115322.2,0.03599,1
2025-09-15T23:06:36.803620,115294.4,4.13495,115322.2,0.03599,1
2025-09-15T23:06:36.807816,115294.4,4.13495,115322.2,0.03599,1
2025-09-15T23:06:36.813738,115294.4,4.13495,115322.2,0.03599,1
2025-09-15T23:06:36.823737,115294.4,4.13495,115322.2,0.03599,1
2025-09-15T23:06:36.834227,115294.4,4.13495,115322.2,0.03599,1
2025-09-15T23:06:36.851496,115294.4,4.13495,115322.2,0.03599,1
2025-09-15T23:06:36.856364,115294.4,4.13495,115322.2,0.03599,1
2025-09-15T23:06:36.861050,115294.4,4.13495,115322.2,0.03599,1
2025-09-15T23:06:36.870214,115294.4,4.13495,115322.2,0.03599,1
2025-09-15T23:06:36.872796,115294.4,4.13495,115322.2,0.03599,1
2025-09-15T23:06:36.884492,115294.4,4.13495,115322.2,0.03599,1
2025-09-15T23:06:36.889203,115294.4,4.13495,115323.1,0.0002,1
2025-09-15T23:06:36.894256,115294.4,4.13495,115323.1,0.0002,1
2025-09-15T23:06:36.908476,115294.4,4.13495,115323.1,0.0002,1
2025-09-15T23:06:36.919087,115294.4,4.13495,115323.1,0.0002,1
2025-09-15T23:06:36.922093,115294.4,4.13495,115323.1,0.0002,1
2025-09-15T23:06:36.932637,115294.4,4.13495,115323.1,0.0002,1
2025-09-15T23:06:36.943582,115294.4,4.13495,115323.1,0.0002,1
2025-09-15T23:06:36.952551,115294.4,4.13495,115323.1,0.0002,1
2025-09-15T23:06:36.978879,115294.4,4.13495,115323.1,0.0002,1
2025-09-15T23:06:36.984666,115294.4,4.13495,115323.1,0.0002,1
2025-09-15T23:06:36.993762,115294.4,4.13495,115323.1,0.0002,1
2025-09-15T23:06:36.996055,115294.4,4.13495,115323.1,0.0002,1
2025-09-15T23:06:37.002777,115294.4,4.13495,115323.1,0.0002,1
2025-09-15T23:06:37.005245,115294.4,4.13495,115323.1,0.0002,1
2025-09-15T23:06:37.021614,115294.4,4.13495,115323.1,0.0002,1
2025-09-15T23:06:37.031600,115294.4,4.13495,115323.1,0.0002,1
2025-09-15T23:06:37.073617,115294.4,4.13495,115323.1,0.0002,1
2025-09-15T23:06:37.075898,115294.4,4.13495,115323.1,0.0002,1
2025-09-15T23:06:37.085843,115294.4,4.13495,115323.1,0.0002,1
2025-09-15T23:06:37.147952,115294.4,4.13495,115323.1,0.0002,1
2025-09-15T23:06:37.151862,115294.4,4.13495,115323.1,0.0002,1
2025-09-15T23:06:37.172757,115294.4,4.13495,115323.1,0.0002,1
2025-09-15T23:06:37.179123,115294.4,4.13495,115323.1,0.0002,1
2025-09-15T23:06:37.259728,115294.4,4.13495,115323.1,0.0002,1
2025-09-15T23:06:37.266462,115294.4,4.13495,115323.1,0.0002,1
2025-09-15T23:06:37.283476,115294.4,4.13495,115323.1,0.0002,1
2025-09-15T23:06:37.385394,115294.4,4.13495,115323.1,0.0002,1
2025-09-15T23:06:37.412599,115294.4,4.13495,115323.1,0.0002,1
2025-09-15T23:06:37.425770,115294.4,4.13495,115323.1,0.0002,1
2025-09-15T23:06:37.457945,115294.4,4.13495,115323.1,0.0002,1
2025-09-15T23:06:37.611082,115294.4,4.13495,115323.1,0.0002,1
2025-09-15T23:06:37.628881,115294.4,4.13495,115323.1,0.0002,1
2025-09-15T23:06:37.640691,115294.4,4.13495,115323.1,0.0002,1
2025-09-15T23:06:37.651642,115294.4,4.13495,115323.1,0.0002,1
2025-09-15T23:06:37.711463,115294.4,4.13495,115323.1,0.0002,1
2025-09-15T23:06:37.721199,115294.4,4.13495,115323.1,0.0002,1
2025-09-15T23:06:37.741942,115294.4,4.13495,115323.1,0.0002,1
2025-09-15T23:06:37.800934,115294.4,4.13495,115323.1,0.0002,1
2025-09-15T23:06:37.866104,115294.4,4.13495,115323.1,0.0002,1
2025-09-15T23:06:37.932356,115294.4,4.13495,115323.1,0.0002,1
2025-09-15T23:06:37.934078,115294.4,4.13495,115323.1,0.0002,1
2025-09-15T23:06:37.944654,115294.4,4.13495,115323.1,0.0002,1
2025-09-15T23:06:37.948888,115294.4,4.13495,115323.1,0.0002,1
2025-09-15T23:06:37.955313,115294.4,4.13495,115323.1,0.0002,1
2025-09-15T23:06:37.965633,115294.4,4.13495,115323.1,0.0002,1
2025-09-15T23:06:37.982491,115294.4,4.13495,115323.1,0.0002,1
2025-09-15T23:06:37.988721,115294.4,4.13495,115323.1,0.0002,1
2025-09-15T23:06:37.991118,115294.4,4.13495,115323.1,0.0002,1
2025-09-15T23:06:37.999784,115294.4,4.13495,115323.1,0.0002,1
2025-09-15T23:06:38.006630,115294.4,4.13495,115323.1,1.72964,1
2025-09-15T23:06:38.028397,115294.4,4.13495,115323.1,1.72964,1
2025-09-15T23:06:38.032261,115294.4,4.13495,115323.1,1.72964,1
2025-09-15T23:06:38.046282,115294.4,4.13495,115323.1,1.72964,1
2025-09-15T23:06:38.056359,115294.4,4.13495,115323.1,1.72964,1
2025-09-15T23:06:38.065771,115294.4,4.13495,115323.1,1.72964,1
2025-09-15T23:06:38.137810,115294.4,4.13495,115323.1,1.72964,1
2025-09-15T23:06:38.139046,115294.4,4.13495,115323.1,1.72964,1
