timestamp,price,size,side,trade_id,usd_amount
2025-09-15T22:56:11.604000,4510.58,0.009,buy,123888277,40.59522
2025-09-15T22:56:16.490000,4510.68,0.1641,sell,123888387,740.202588
2025-09-15T23:04:52.080000,4509.54,0.1339,buy,123900489,603.827406
2025-09-15T23:04:53.681000,4509.51,0.0102,buy,123900517,45.997002
2025-09-15T23:04:57.545000,4509.6,0.011,buy,123900592,49.6056
2025-09-15T23:05:00.094000,4509.6,0.001,buy,123900636,4.5096
2025-09-15T23:05:02.762000,4509.59,0.0137,sell,123900693,61.781383
2025-09-15T23:05:05.529000,4509.81,0.9792,sell,123900774,4416.005952
2025-09-15T23:05:08.338000,4509.1,5.9714,sell,123900827,26925.63974
2025-09-15T23:05:10.535000,4509.45,0.0577,buy,123900898,260.195265
2025-09-15T23:05:13.115000,4509.09,0.1858,sell,123900952,837.788922
2025-09-15T23:05:15.381000,4509.08,0.0108,sell,123900999,48.698064
2025-09-15T23:05:17.504000,4509.15,0.011,sell,123901032,49.60065
2025-09-15T23:05:21.602000,4509.16,0.03,sell,123901081,135.2748
2025-09-15T23:05:23.524000,4509.41,0.011,buy,123901109,49.60351
2025-09-15T23:05:26.854000,4509.11,0.0694,sell,123901200,312.932234
2025-09-15T23:06:21.195000,4508.28,0.0003,buy,123902398,1.352484
2025-09-15T23:06:24.223000,4507.27,6.4005,sell,123902479,28848.781635
2025-09-15T23:06:28.229000,4507.7,0.0377,buy,123902571,169.94029
2025-09-15T23:06:30.231000,4507.7,0.001,buy,123902606,4.5077
2025-09-15T23:06:34.674000,4507.62,0.0215,buy,123902704,96.91383
2025-09-15T23:06:37.030000,4507.59,0.842,buy,123902770,3795.39078
2025-09-15T23:07:37.879000,4507.01,0.0123,buy,123904188,55.436223
2025-09-15T23:07:43.922000,4506.64,0.0123,sell,123904298,55.431672
2025-09-15T23:07:45.068000,4507.01,0.2859,buy,123904322,1288.554159
2025-09-15T23:07:48.351000,4506.65,2.0,sell,123904406,9013.3
2025-09-15T23:07:52.357000,4506.98,0.1116,buy,123904482,502.978968
2025-09-15T23:12:19.788000,4514.14,0.1041,sell,123910464,469.921974
2025-09-15T23:12:23.620000,4514.14,0.2234,sell,123910517,1008.458876
2025-09-15T23:12:24.794000,4513.68,1.7417,sell,123910559,7861.476456
2025-09-15T23:12:29.800000,4514.1,0.012,buy,123910638,54.1692
2025-09-15T23:12:30.392000,4514.1,0.001,buy,123910648,4.5141
2025-09-15T23:12:35.807000,4514.37,0.0837,sell,123910769,377.852769
2025-09-15T23:12:37.810000,4514.4,0.0512,sell,123910819,231.13728
2025-09-15T23:12:41.446000,4514.41,0.0356,sell,123910908,160.712996
2025-09-15T23:12:42.160000,4514.49,0.0703,buy,123910923,317.368647
2025-09-15T23:12:47.712000,4514.44,0.9332,sell,123911039,4212.875408
2025-09-15T23:12:50.830000,4514.21,0.1178,buy,123911115,531.773938
2025-09-15T23:12:53.834000,4513.59,1.1029,sell,123911168,4978.038411
2025-09-15T23:12:56.530000,4513.97,0.1002,buy,123911224,452.299794
2025-09-15T23:12:59.203000,4513.91,0.0124,sell,123911288,55.972484
2025-09-15T23:13:02.845000,4514.19,6.867,buy,123911362,30998.94273
2025-09-15T23:13:04.789000,4514.19,0.0117,buy,123911408,52.816023
2025-09-15T23:13:08.850000,4513.78,0.5,sell,123911510,2256.89
2025-09-15T23:13:11.853000,4514.05,0.0779,buy,123911570,351.644495
2025-09-15T23:13:14.857000,4514.3,0.0512,buy,123911643,231.13216
2025-09-15T23:13:17.450000,4514.76,0.5,buy,123911717,2257.38
2025-09-15T23:13:20.866000,4514.84,0.0129,sell,123911787,58.241436
2025-09-15T23:13:23.464000,4514.84,0.0016,sell,123911837,7.223744
2025-09-15T23:13:26.389000,4515.07,0.678,buy,123911900,3061.21746
2025-09-15T23:13:27.877000,4515.01,0.011,buy,123911928,49.66511
2025-09-15T23:13:30.259000,4515.41,0.001,buy,123911967,4.51541
2025-09-15T23:13:35.888000,4515.18,0.0616,sell,123912081,278.135088
2025-09-15T23:13:37.892000,4515.47,0.0566,buy,123912120,255.575602
2025-09-15T23:13:39.896000,4515.32,0.011,sell,123912171,49.66852
2025-09-15T23:13:43.899000,4515.32,0.1066,sell,123912249,481.333112
2025-09-15T23:13:47.906000,4515.48,0.1018,buy,123912333,459.675864
2025-09-15T23:13:50.910000,4515.18,0.2231,buy,123912414,1007.336658
2025-09-15T23:13:53.423000,4514.77,0.0016,sell,123912460,7.223632
2025-09-15T23:13:55.918000,4515.03,0.0682,buy,123912508,307.925046
2025-09-15T23:14:00.114000,4515.02,0.001,buy,123912573,4.51502
2025-09-15T23:14:02.925000,4514.47,0.0696,buy,123912663,314.207112
2025-09-15T23:14:05.673000,4514.33,0.5,sell,123912736,2257.165
2025-09-15T23:14:08.340000,4514.34,0.0136,buy,123912807,61.395024
2025-09-15T23:14:09.935000,4514.33,0.011,sell,123912848,49.65763
2025-09-15T23:14:12.337000,4514.33,0.0136,sell,123912911,61.394888
2025-09-15T23:14:17.944000,4513.39,0.195,sell,123913014,880.11105
2025-09-15T23:14:20.948000,4513.58,0.0003,buy,123913082,1.354074
2025-09-15T23:14:23.335000,4513.39,0.0016,sell,123913136,7.221424
2025-09-15T23:14:26.955000,4513.42,0.1066,buy,123913227,481.130572
2025-09-15T23:14:30.247000,4513.4,0.001,buy,123913287,4.5134
2025-09-15T23:14:31.968000,4513.37,0.0091,buy,123913332,41.071667
2025-09-15T23:14:33.970000,4513.09,0.0046,sell,123913375,20.760214
2025-09-15T23:14:37.736000,4512.64,0.3726,sell,123913464,1681.409664
2025-09-15T23:14:40.980000,4512.41,0.492,sell,123913538,2220.10572
2025-09-15T23:14:47.990000,4512.24,0.0897,sell,123913684,404.747928
2025-09-15T23:14:50.993000,4512.24,0.011,sell,123913748,49.63464
2025-09-15T23:14:53.920000,4512.22,0.008,sell,123913813,36.09776
2025-09-15T23:14:55.999000,4511.83,0.0919,sell,123913864,414.637177
2025-09-15T23:15:00.412000,4511.81,0.001,buy,123913975,4.51181
2025-09-15T23:15:01.830000,4511.8,0.0616,buy,123914012,277.92688
2025-09-15T23:15:06.555000,4511.1,0.07,sell,123914147,315.777
2025-09-15T23:15:07.648000,4511.49,0.011,buy,123914183,49.62639
2025-09-15T23:15:09.704000,4510.8,4.5051,sell,123914229,20321.60508
2025-09-15T23:15:14.020000,4512.41,0.011,sell,123914358,49.63651
2025-09-15T23:15:18.674000,4513.22,0.01,buy,123914478,45.1322
2025-09-15T23:15:21.614000,4514.0,0.0457,buy,123914577,206.2898
2025-09-15T23:15:23.343000,4514.53,0.0016,sell,123914627,7.223248
2025-09-15T23:15:27.302000,4515.04,0.011,buy,123914747,49.66544
2025-09-15T23:15:30.046000,4514.2,0.001,buy,123914808,4.5142
2025-09-15T23:15:33.560000,4513.54,0.011,sell,123914886,49.64894
2025-09-15T23:15:34.597000,4513.44,1.0,buy,123914929,4513.44
2025-09-15T23:15:42.769000,4512.62,0.008,sell,123915103,36.10096
2025-09-15T23:15:45.071000,4512.16,0.0055,sell,123915153,24.81688
2025-09-15T23:15:48.074000,4512.4,0.0994,buy,123915213,448.53256
2025-09-15T23:15:51.085000,4512.24,0.0208,sell,123915272,93.854592
2025-09-15T23:15:53.563000,4512.26,0.0016,sell,123915301,7.219616
2025-09-15T23:15:57.392000,4511.8,0.011,sell,123915396,49.6298
2025-09-15T23:16:00.109000,4511.91,0.001,buy,123915448,4.51191
2025-09-15T23:16:06.748000,4511.85,0.1775,buy,123915628,800.853375
2025-09-15T23:16:08.849000,4511.79,0.0688,sell,123915676,310.411152
2025-09-15T23:16:11.678000,4512.26,0.011,buy,123915736,49.63486
2025-09-15T23:16:13.635000,4512.26,0.1417,buy,123915777,639.387242
2025-09-15T23:16:17.714000,4512.12,0.011,sell,123915868,49.63332
2025-09-15T23:16:21.846000,4512.2,0.0699,sell,123915938,315.40278
2025-09-15T23:16:24.158000,4512.22,0.011,sell,123915990,49.63442
2025-09-15T23:16:25.159000,4512.71,1.0,buy,123916011,4512.71
2025-09-15T23:16:30.167000,4513.04,0.001,buy,123916091,4.51304
2025-09-15T23:16:34.175000,4512.99,1.6606,buy,123916195,7494.271194
2025-09-15T23:16:37.180000,4513.16,0.8486,buy,123916282,3829.867576
2025-09-15T23:16:39.183000,4514.02,0.4463,buy,123916327,2014.607126
2025-09-15T23:16:41.792000,4514.02,0.0987,buy,123916393,445.533774
2025-09-15T23:16:44.755000,4514.02,0.4,buy,123916464,1805.608
2025-09-15T23:16:46.195000,4513.96,0.7614,sell,123916500,3436.929144
2025-09-15T23:16:51.720000,4514.3,0.0124,buy,123916595,55.97732
2025-09-15T23:16:55.208000,4514.3,0.0079,buy,123916666,35.66297
2025-09-15T23:16:57.211000,4514.49,0.5,buy,123916708,2257.245
2025-09-15T23:17:00.214000,4515.2,7.5798,buy,123916780,34224.31296
2025-09-15T23:17:01.615000,4514.15,0.011,sell,123916809,49.65565
2025-09-15T23:17:06.695000,4514.38,1.2654,buy,123916921,5712.496452
2025-09-15T23:17:09.232000,4514.2,0.011,sell,123916991,49.6562
2025-09-15T23:17:12.589000,4514.54,0.0994,sell,123917062,448.745276
2025-09-15T23:17:15.885000,4514.99,0.1109,buy,123917128,500.712391
2025-09-15T23:17:18.754000,4513.88,0.01,sell,123917172,45.1388
2025-09-15T23:17:22.099000,4513.65,0.146,sell,123917237,658.9929
2025-09-15T23:17:25.261000,4514.16,0.1462,buy,123917290,659.970192
2025-09-15T23:17:28.264000,4513.8,0.2225,sell,123917362,1004.3205
2025-09-15T23:17:30.050000,4514.61,0.001,buy,123917391,4.51461
2025-09-15T23:17:33.605000,4514.21,1.0582,buy,123917465,4776.937022
2025-09-15T23:17:37.274000,4514.14,0.011,buy,123917560,49.65554
2025-09-15T23:17:38.276000,4514.14,0.0463,buy,123917596,209.004682
2025-09-15T23:17:43.286000,4514.14,0.011,buy,123917718,49.65554
2025-09-15T23:17:46.070000,4514.14,2.0618,buy,123917779,9307.253852
2025-09-15T23:17:48.695000,4513.15,0.0646,sell,123917834,291.54949
2025-09-15T23:17:51.694000,4513.16,0.011,sell,123917878,49.64476
2025-09-15T23:17:54.298000,4513.35,0.1249,buy,123917926,563.717415
2025-09-15T23:17:57.706000,4513.35,0.011,buy,123917994,49.64685
2025-09-15T23:18:00.525000,4513.67,0.0327,buy,123918052,147.597009
2025-09-15T23:18:03.961000,4513.51,0.047,sell,123918122,212.13497
2025-09-15T23:18:05.309000,4514.13,0.5,buy,123918156,2257.065
2025-09-15T23:18:10.621000,4514.33,0.4816,buy,123918270,2174.101328
2025-09-15T23:18:11.319000,4513.94,0.011,sell,123918301,49.65334
2025-09-15T23:18:16.325000,4515.27,0.0451,sell,123918445,203.638677
2025-09-15T23:18:18.330000,4515.27,0.025,sell,123918495,112.88175
2025-09-15T23:18:20.890000,4515.43,0.0003,buy,123918533,1.354629
2025-09-15T23:18:25.341000,4515.4,0.4429,buy,123918612,1999.87066
2025-09-15T23:18:31.349000,4514.99,0.1138,sell,123918733,513.805862
2025-09-15T23:18:34.354000,4515.05,2.0618,sell,123918786,9309.13009
2025-09-15T23:18:38.022000,4515.1,0.011,buy,123918873,49.6661
2025-09-15T23:18:39.361000,4514.96,0.0688,buy,123918921,310.629248
2025-09-15T23:18:43.659000,4514.85,0.011,buy,123919028,49.66335
2025-09-15T23:18:45.367000,4514.85,0.1254,buy,123919061,566.16219
2025-09-15T23:18:50.099000,4514.85,0.254,buy,123919139,1146.7719
2025-09-15T23:18:51.374000,4514.51,0.011,sell,123919173,49.65961
2025-09-15T23:18:54.383000,4514.5,0.2212,buy,123919224,998.6074
2025-09-15T23:18:58.391000,4514.24,0.2273,sell,123919298,1026.086752
2025-09-15T23:19:01.396000,4514.51,0.0218,buy,123919363,98.416318
2025-09-15T23:19:04.844000,4513.96,0.2212,sell,123919432,998.487952
2025-09-15T23:19:06.405000,4513.79,0.089,buy,123919476,401.72731
2025-09-15T23:19:11.379000,4512.81,0.1204,sell,123919592,543.342324
2025-09-15T23:19:14.336000,4512.81,0.083,sell,123919649,374.56323
2025-09-15T23:19:16.740000,4512.79,0.0132,sell,123919722,59.568828
2025-09-15T23:19:19.935000,4512.6,1.7945,sell,123919779,8097.8607
2025-09-15T23:19:23.263000,4512.6,0.0016,sell,123919840,7.22016
2025-09-15T23:19:25.429000,4512.83,0.011,buy,123919906,49.64113
2025-09-15T21:22:00.303000,4515.91,1.1671,buy,123923239,5270.518561
2025-09-15T21:22:03.662000,4515.91,0.1414,buy,123923309,638.549674
2025-09-15T21:22:07.670000,4515.97,0.0567,sell,123923411,256.055499
2025-09-15T21:22:11.167000,4516.0,1.2033,buy,123923494,5434.1028
2025-09-15T21:22:14.675000,4516.0,1.1696,buy,123923583,5281.9136
2025-09-15T21:22:16.678000,4516.26,0.0682,sell,123923626,308.008932
2025-09-15T21:22:21.155000,4516.59,0.0003,buy,123923732,1.354977
2025-09-15T21:22:24.160000,4516.8,0.0132,sell,123923802,59.62176
2025-09-15T21:22:27.692000,4517.22,0.1729,sell,123923904,781.027338
2025-09-15T21:22:30.256000,4517.35,0.001,buy,123923957,4.51735
2025-09-15T21:22:33.704000,4517.28,0.011,sell,123924029,49.69008
2025-09-15T21:22:35.707000,4517.28,0.011,sell,123924080,49.69008
2025-09-15T21:22:41.228000,4518.0,0.2197,buy,123924200,992.6046
2025-09-15T21:22:44.720000,4518.15,0.0221,sell,123924277,99.851115
2025-09-15T21:22:47.724000,4518.42,0.011,buy,123924326,49.70262
2025-09-15T21:22:51.200000,4519.84,0.008,buy,123924407,36.15872
2025-09-15T21:22:55.736000,4520.15,0.011,sell,123924527,49.72165
2025-09-15T21:22:59.266000,4520.36,6.6368,sell,123924609,30000.725248
2025-09-15T21:23:02.745000,4520.07,1.548,sell,123924696,6997.06836
2025-09-15T21:23:06.435000,4519.91,0.0188,sell,123924793,84.974308
2025-09-15T21:23:08.751000,4519.95,0.1283,sell,123924868,579.909585
2025-09-15T21:23:12.135000,4520.06,1.4673,sell,123924949,6632.284038
2025-09-15T21:23:15.761000,4520.29,0.011,sell,123925040,49.72319
2025-09-15T21:23:19.151000,4520.71,0.0465,buy,123925115,210.213015
2025-09-15T21:23:22.482000,4520.95,0.0464,buy,123925182,209.77208
2025-09-15T21:26:21.051000,4516.59,1.0221,buy,123929185,4616.406639
2025-09-15T21:26:26.287000,4515.59,0.49,sell,123929277,2212.6391
2025-09-15T21:26:31.067000,4515.66,0.288,sell,123929380,1300.51008
2025-09-15T21:26:34.075000,4516.08,0.011,buy,123929453,49.67688
2025-09-15T21:26:36.079000,4515.56,0.045,sell,123929515,203.2002
2025-09-15T21:26:40.086000,4515.47,0.011,sell,123929600,49.67017
2025-09-15T21:26:44.091000,4515.12,0.0397,sell,123929692,179.250264
2025-09-15T21:26:46.093000,4515.49,0.0481,sell,123929730,217.195069
2025-09-15T21:26:50.100000,4515.24,0.1015,sell,123929823,458.29686
2025-09-15T21:26:53.598000,4515.49,0.011,buy,123929871,49.67039
2025-09-15T21:26:55.109000,4515.49,0.1566,buy,123929905,707.125734
2025-09-15T21:27:00.116000,4515.23,0.0689,sell,123930014,311.099347
2025-09-15T21:27:02.677000,4515.53,1.0268,buy,123930083,4636.546204
2025-09-15T21:27:05.664000,4515.24,0.011,sell,123930158,49.66764
2025-09-15T21:27:09.133000,4515.22,9.5375,sell,123930224,43063.91075
2025-09-15T21:27:12.138000,4515.5,0.0249,buy,123930290,112.43595
2025-09-15T21:27:15.144000,4515.9,0.0171,buy,123930349,77.22189
2025-09-15T21:27:19.147000,4515.9,0.011,buy,123930432,49.6749
2025-09-15T21:27:21.151000,4515.99,2.3175,buy,123930473,10465.806825
2025-09-15T21:27:25.829000,4515.77,0.011,sell,123930548,49.67347
2025-09-15T21:27:29.161000,4515.96,0.0236,sell,123930624,106.576656
2025-09-15T21:27:32.165000,4515.74,0.1895,sell,123930685,855.73273
2025-09-15T21:27:35.171000,4516.86,0.982,buy,123930751,4435.55652
2025-09-15T21:27:36.172000,4516.63,0.1668,buy,123930778,753.373884
2025-09-15T21:27:41.179000,4516.74,6.5504,buy,123930910,29586.453696
2025-09-15T21:27:44.182000,4517.02,2.2138,buy,123931011,9999.778876
2025-09-15T21:27:48.775000,4516.68,0.0121,buy,123931111,54.651828
2025-09-15T21:38:44.272000,4516.32,0.9856,buy,123945231,4451.284992
2025-09-15T21:38:51.181000,4516.51,0.0003,buy,123945373,1.354953
2025-09-15T21:38:53.700000,4514.45,0.072,buy,123945429,325.0404
2025-09-15T21:38:55.913000,4514.47,0.011,buy,123945475,49.65917
2025-09-15T21:38:59.932000,4514.15,0.0123,sell,123945576,55.524045
2025-09-15T21:39:02.085000,4514.51,0.011,sell,123945639,49.65961
2025-09-15T21:39:03.299000,4515.38,0.011,sell,123945658,49.66918
2025-09-15T21:39:08.899000,4516.08,0.75,buy,123945762,3387.06
2025-09-15T21:39:15.315000,4516.57,0.011,buy,123945909,49.68227
2025-09-15T21:39:19.322000,4516.57,0.0787,buy,123946019,355.454059
2025-09-15T21:39:21.326000,4516.35,0.011,sell,123946068,49.67985
2025-09-15T21:39:25.006000,4516.63,0.0888,buy,123946132,401.076744
2025-09-15T21:39:26.334000,4516.37,3.9855,sell,123946174,17999.992635
2025-09-15T21:39:30.339000,4516.63,0.001,buy,123946251,4.51663
2025-09-15T21:39:33.001000,4516.37,0.03,sell,123946310,135.4911
2025-09-15T21:39:36.094000,4516.67,0.011,buy,123946409,49.68337
2025-09-15T21:39:39.023000,4516.37,0.2395,sell,123946466,1081.670615
2025-09-15T21:39:41.354000,4516.63,0.0954,buy,123946518,430.886502
2025-09-15T21:39:45.095000,4516.63,0.0678,buy,123946593,306.227514
2025-09-15T21:39:47.933000,4516.61,1.0,buy,123946640,4516.61
2025-09-15T21:39:51.050000,4516.61,0.0003,buy,123946704,1.354983
2025-09-15T21:39:54.374000,4516.41,6.6424,sell,123946777,29999.801784
2025-09-15T21:39:57.065000,4516.37,0.0002,sell,123946823,0.903274
2025-09-15T21:40:00.035000,4516.57,0.001,buy,123946885,4.51657
2025-09-15T21:40:01.121000,4516.41,0.0142,buy,123946957,64.133022
2025-09-15T21:40:05.820000,4516.41,1.0,sell,123947105,4516.41
2025-09-15T21:40:06.391000,4516.86,0.0007,buy,123947120,3.161802
2025-09-15T21:40:12.228000,4516.41,0.0733,sell,123947247,331.052853
2025-09-15T21:40:14.017000,4516.77,0.9742,buy,123947281,4400.237334
2025-09-15T21:40:18,4517.03,0.5,buy,123947359,2258.515
2025-09-15T21:40:20.913000,4516.91,0.0003,buy,123947397,1.355073
2025-09-15T21:40:23.420000,4516.61,0.011,sell,123947452,49.68271
2025-09-15T21:40:25.423000,4516.45,0.7611,sell,123947501,3437.470095
2025-09-15T21:40:31.936000,4516.46,0.1098,sell,123947642,495.907308
2025-09-15T21:40:33.436000,4516.83,0.1601,buy,123947671,723.144483
2025-09-15T21:40:38.443000,4516.83,0.0578,buy,123947789,261.072774
2025-09-15T21:40:38.975000,4516.83,0.0492,buy,123947800,222.228036
2025-09-15T21:40:44.452000,4516.83,1.6394,buy,123947919,7404.891102
2025-09-15T21:40:47.456000,4516.83,0.1107,buy,123947996,500.013081
2025-09-15T21:40:49.459000,4516.46,0.011,sell,123948050,49.68106
2025-09-15T21:40:53.466000,4516.61,0.0016,sell,123948146,7.226576
2025-09-15T21:40:55.469000,4517.15,0.011,buy,123948193,49.68865
2025-09-15T21:40:59.134000,4517.5,2.5386,buy,123948280,11468.1255
2025-09-15T21:41:01.479000,4517.76,0.5,buy,123948342,2258.88
2025-09-15T21:41:05.110000,4517.46,1.5475,sell,123948451,6990.76935
2025-09-15T21:41:07.487000,4517.87,0.1333,buy,123948529,602.232071
2025-09-15T21:41:10.491000,4517.81,0.0384,sell,123948622,173.483904
2025-09-15T21:41:13.234000,4517.96,5.9574,sell,123948683,26915.294904
2025-09-15T21:41:16.070000,4518.44,0.011,buy,123948768,49.70284
2025-09-15T21:41:19.099000,4518.08,0.7195,sell,123948847,3250.75856
2025-09-15T21:41:22.144000,4518.88,0.0145,buy,123948908,65.52376
2025-09-15T21:41:24.506000,4518.63,0.0367,sell,123948963,165.833721
2025-09-15T21:41:27.005000,4518.95,0.1255,buy,123949037,567.128225
2025-09-15T21:41:31.078000,4518.97,0.0134,buy,123949149,60.554198
2025-09-15T21:41:34.091000,4518.88,0.1203,sell,123949222,543.621264
2025-09-15T21:41:35.522000,4518.97,0.0134,sell,123949279,60.554198
2025-09-15T21:41:40.244000,4519.05,1.6839,buy,123949382,7609.628295
2025-09-15T21:41:42.531000,4519.65,0.3631,buy,123949436,1641.084915
2025-09-15T21:41:45.490000,4519.46,0.2459,sell,123949499,1111.335214
2025-09-15T21:41:48.120000,4519.94,0.2302,buy,123949556,1040.490188
2025-09-15T21:41:51.544000,4519.92,0.011,buy,123949634,49.71912
2025-09-15T21:41:54.549000,4519.92,0.3124,buy,123949690,1412.023008
2025-09-15T21:41:57.553000,4519.92,0.011,buy,123949756,49.71912
2025-09-15T21:42:00.138000,4519.92,0.001,buy,123949803,4.51992
2025-09-15T21:42:03.123000,4519.48,0.1038,sell,123949884,469.122024
2025-09-15T21:42:05.569000,4519.49,0.011,sell,123949969,49.71439
2025-09-15T21:42:08.573000,4519.71,0.0261,sell,123950036,117.964431
2025-09-15T21:42:11.577000,4519.93,0.011,buy,123950113,49.71923
2025-09-15T21:42:14.399000,4519.72,0.2061,sell,123950168,931.514292
2025-09-15T21:42:17.595000,4520.58,0.011,buy,123950247,49.72638
2025-09-15T21:42:21.249000,4521.13,0.2784,buy,123950329,1258.682592
2025-09-15T21:42:24.029000,4524.0,3.6522,buy,123950432,16522.5528
2025-09-15T21:42:26.923000,4524.33,0.0198,buy,123950532,89.581734
2025-09-15T21:42:30.120000,4524.38,0.001,buy,123950648,4.52438
2025-09-15T21:42:33.160000,4523.59,0.3234,sell,123950739,1462.929006
2025-09-15T21:42:35.146000,4523.61,1.0,sell,123950807,4523.61
2025-09-15T21:42:38.623000,4523.72,0.0817,sell,123950891,369.587924
2025-09-15T21:42:39.120000,4523.76,0.0124,buy,123950907,56.094624
2025-09-15T21:42:44.248000,4523.33,0.9712,buy,123951014,4393.058096
2025-09-15T21:42:46.632000,4523.13,0.8899,sell,123951062,4025.133387
2025-09-15T21:42:50.636000,4523.18,0.0733,buy,123951144,331.549094
2025-09-15T21:42:53.394000,4523.13,0.0016,sell,123951183,7.237008
2025-09-15T21:42:56.335000,4522.76,0.018,sell,123951258,81.40968
2025-09-15T21:42:57.576000,4523.21,0.011,buy,123951281,49.75531
2025-09-15T21:43:02.176000,4522.55,0.0675,sell,123951367,305.272125
2025-09-15T21:43:03.129000,4522.55,0.011,sell,123951396,49.74805
2025-09-15T21:43:05.656000,4522.74,3.5579,buy,123951479,16091.456646
2025-09-15T21:43:10.354000,4522.51,0.0861,sell,123951574,389.388111
2025-09-15T21:43:13.058000,4523.09,0.1204,buy,123951657,544.580036
2025-09-15T21:43:15.649000,4523.45,0.2459,sell,123951717,1112.316355
2025-09-15T21:43:18.675000,4524.5,0.0176,sell,123951805,79.6312
2025-09-15T21:43:21.197000,4524.51,0.0003,buy,123951858,1.357353
2025-09-15T21:43:25.683000,4524.45,0.3169,sell,123951959,1433.798205
2025-09-15T21:51:15.416000,4522.77,0.2459,sell,123963214,1112.149143
2025-09-15T21:51:17.880000,4522.93,0.0234,buy,123963265,105.836562
2025-09-15T21:51:21.169000,4523.82,0.0003,buy,123963362,1.357146
2025-09-15T21:51:23.896000,4523.78,0.8878,buy,123963443,4016.211884
2025-09-15T21:51:26.960000,4524.17,0.3019,buy,123963538,1365.846923
2025-09-15T21:51:29.822000,4524.23,0.346,buy,123963603,1565.38358
2025-09-15T21:51:32.075000,4524.22,9.3097,buy,123963669,42119.130934
2025-09-15T21:51:35.020000,4523.92,0.787,sell,123963744,3560.32504
2025-09-15T21:51:38.834000,4524.42,1.0066,buy,123963811,4554.281172
2025-09-15T21:51:40.951000,4525.57,0.5761,sell,123963895,2607.180877
2025-09-15T21:51:44.395000,4525.69,1.6393,buy,123963967,7418.963617
2025-09-15T21:51:47.481000,4525.0,0.011,buy,123964040,49.775
2025-09-15T21:51:49.489000,4524.41,0.0112,sell,123964093,50.673392
2025-09-15T21:51:51.893000,4524.72,0.0128,buy,123964139,57.916416
2025-09-15T21:51:54.496000,4524.72,0.3608,buy,123964196,1632.518976
2025-09-15T21:51:58.504000,4524.42,0.0128,sell,123964280,57.912576
2025-09-15T21:52:01.042000,4524.75,0.3232,buy,123964332,1462.3992
2025-09-15T21:52:04.509000,4524.53,0.2781,sell,123964425,1258.271793
2025-09-15T21:52:07.514000,4524.74,1.369,sell,123964504,6194.36906
2025-09-15T21:52:09.841000,4524.93,0.7216,buy,123964566,3265.189488
2025-09-15T21:52:13.520000,4524.93,0.9795,buy,123964636,4432.168935
2025-09-15T21:52:16.284000,4524.92,0.0791,sell,123964687,357.921172
2025-09-15T21:52:16.524000,4524.93,0.1088,sell,123964693,492.312384
2025-09-15T21:52:22.045000,4525.4,1.0,buy,123964770,4525.4
2025-09-15T21:52:25.100000,4524.97,0.3608,sell,123964830,1632.609176
2025-09-15T21:52:27.542000,4525.39,0.011,buy,123964908,49.77929
2025-09-15T21:52:30.278000,4525.41,0.001,buy,123964964,4.52541
2025-09-15T21:52:33.549000,4524.56,0.011,sell,123965058,49.77016
2025-09-15T21:52:36.552000,4523.55,0.5814,sell,123965155,2629.99197
2025-09-15T21:52:39.122000,4523.68,0.1777,buy,123965225,803.857936
2025-09-15T21:52:42.400000,4523.4,0.0134,sell,123965308,60.61356
2025-09-15T21:52:45.573000,4522.13,0.2459,sell,123965370,1111.991767
2025-09-15T21:52:48.065000,4522.53,0.011,buy,123965430,49.74783
2025-09-15T21:52:51.053000,4521.45,0.0373,sell,123965516,168.650085
2025-09-15T21:52:54.044000,4521.27,0.1745,sell,123965578,788.961615
2025-09-15T21:52:56.591000,4522.16,0.4195,sell,123965641,1897.04612
2025-09-15T21:53:00.101000,4522.93,0.001,buy,123965706,4.52293
2025-09-15T21:53:02.284000,4522.92,0.2781,buy,123965777,1257.824052
2025-09-15T21:53:05.606000,4522.92,0.011,buy,123965855,49.75212
2025-09-15T21:53:08.190000,4522.92,0.0208,buy,123965925,94.076736
2025-09-15T21:53:10.395000,4522.75,0.0064,sell,123965974,28.9456
2025-09-15T21:53:14.264000,4522.92,1.6393,buy,123966049,7414.422756
2025-09-15T21:53:17.624000,4522.75,0.2128,sell,123966135,962.4412
2025-09-15T21:53:20.276000,4522.75,0.2386,sell,123966188,1079.12815
2025-09-15T21:53:21.144000,4522.95,0.0003,buy,123966202,1.356885
2025-09-15T21:53:25.633000,4522.95,0.011,buy,123966273,49.75245
2025-09-15T21:53:28.637000,4522.95,0.0129,buy,123966329,58.346055
2025-09-15T21:53:31.641000,4522.95,0.011,buy,123966401,49.75245
2025-09-15T21:53:33.203000,4522.96,1.0,buy,123966439,4522.96
2025-09-15T21:53:37.195000,4522.74,0.1877,sell,123966545,848.918298
2025-09-15T21:53:40.658000,4522.74,20.613,sell,123966636,93227.23962
2025-09-15T21:53:43.674000,4522.75,0.0733,sell,123966712,331.517575
2025-09-15T21:53:46.290000,4522.74,1.3144,sell,123966779,5944.689456
2025-09-15T21:53:49.220000,4522.74,1.5045,sell,123966838,6804.46233
2025-09-15T21:53:52.229000,4522.82,0.2516,buy,123966899,1137.941512
2025-09-15T21:53:55.191000,4522.74,1.6275,sell,123966972,7360.75935
2025-09-15T21:53:58.099000,4522.76,0.0544,buy,123967035,246.038144
2025-09-15T21:54:00.695000,4522.74,0.0051,sell,123967105,23.065974
2025-09-15T21:54:03.698000,4521.65,18.24,sell,123967177,82474.896
2025-09-15T21:54:05.702000,4522.13,0.2793,sell,123967239,1263.030909
2025-09-15T21:54:09.323000,4522.13,0.0194,sell,123967325,87.729322
2025-09-15T21:54:12.712000,4522.15,0.0071,sell,123967396,32.107265
2025-09-15T21:54:15.718000,4522.15,0.2459,sell,123967461,1111.996685
2025-09-15T21:54:18.511000,4522.31,0.0829,buy,123967530,374.899499
2025-09-15T21:54:21.643000,4522.31,0.0003,buy,123967595,1.356693
2025-09-15T21:54:23.734000,4522.62,0.011,sell,123967634,49.74882
2025-09-15T21:54:30.338000,4523.07,0.001,buy,123967775,4.52307
2025-09-15T21:54:32.747000,4523.06,0.3565,buy,123967830,1612.47089
2025-09-15T21:54:35.272000,4522.85,0.1678,sell,123967881,758.93423
2025-09-15T21:54:36.754000,4522.84,0.1014,sell,123967914,458.615976
2025-09-15T21:54:41.761000,4523.11,0.011,buy,123968034,49.75421
2025-09-15T21:54:44.325000,4523.08,1.6393,buy,123968088,7414.685044
2025-09-15T21:54:47.772000,4522.7,0.011,sell,123968168,49.7497
2025-09-15T21:54:53.380000,4522.75,1.3832,sell,123968278,6255.8678
2025-09-15T21:54:56.177000,4524.74,0.01,buy,123968358,45.2474
2025-09-15T21:54:58.786000,4524.95,0.07,buy,123968427,316.7465
2025-09-15T21:55:00.215000,4525.14,0.221,sell,123968461,1000.05594
2025-09-15T21:55:04.514000,4524.88,1.891,sell,123968579,8556.54808
2025-09-15T21:55:07.306000,4525.08,1.0,buy,123968667,4525.08
2025-09-15T21:55:09.456000,4525.08,0.3514,buy,123968711,1590.113112
2025-09-15T21:55:13.480000,4524.78,6.5156,sell,123968783,29481.656568
2025-09-15T21:55:16.186000,4524.79,0.0003,sell,123968859,1.357437
2025-09-15T21:55:18.816000,4524.79,0.0128,sell,123968912,57.917312
2025-09-15T21:55:21.385000,4524.93,0.0395,sell,123968958,178.734735
2025-09-15T21:55:23.826000,4525.11,0.0258,buy,123969013,116.747838
2025-09-15T21:55:25.456000,4524.9,0.713,sell,123969058,3226.2537
2025-09-15T21:55:30.364000,4525.01,0.003,sell,123969170,13.57503
2025-09-15T21:55:33.843000,4525.0,0.0497,buy,123969235,224.8925
2025-09-15T21:55:35.847000,4524.9,0.4111,sell,123969299,1860.18639
2025-09-15T21:55:38.851000,4526.09,2.9237,buy,123969398,13232.929333
2025-09-15T21:55:45.861000,4524.9,0.2459,sell,123969563,1112.67291
2025-09-15T21:55:47.864000,4524.9,5.5152,sell,123969626,24955.72848
2025-09-15T21:55:51.535000,4524.66,0.0003,buy,123969697,1.357398
2025-09-15T21:55:53.331000,4524.67,13.1986,buy,123969745,59719.309462
2025-09-15T21:55:57.529000,4524.67,0.025,buy,123969844,113.11675
2025-09-15T21:56:00.311000,4526.26,0.001,buy,123969909,4.52626
2025-09-15T21:56:02.882000,4526.39,0.0044,buy,123969976,19.916116
2025-09-15T21:56:06.330000,4526.45,1.5466,sell,123970078,7000.60757
2025-09-15T21:56:08.889000,4527.21,0.0137,buy,123970148,62.022777
2025-09-15T21:56:11.892000,4526.83,0.005,sell,123970240,22.63415
2025-09-15T21:56:14.493000,4527.28,1.6393,buy,123970292,7421.570104
2025-09-15T21:56:15.898000,4527.26,0.8835,buy,123970339,3999.83421
2025-09-15T21:56:20.906000,4528.4,0.0003,buy,123970462,1.35852
2025-09-15T21:56:23.278000,4528.19,0.0016,sell,123970532,7.245104
2025-09-15T21:56:26.506000,4528.5,0.0449,sell,123970609,203.32965
2025-09-15T21:56:29.609000,4528.39,0.1303,buy,123970671,590.049217
2025-09-15T21:56:31.922000,4528.41,0.011,buy,123970739,49.81251
2025-09-15T21:56:37.931000,4528.33,0.011,buy,123970869,49.81163
2025-09-15T21:56:38.496000,4528.12,0.0649,sell,123970886,293.874988
2025-09-15T21:56:42.944000,4528.11,0.011,sell,123970984,49.80921
2025-09-15T21:56:45.698000,4528.15,0.0632,buy,123971041,286.17908
2025-09-15T21:56:49.454000,4528.47,0.011,sell,123971137,49.81317
2025-09-15T21:56:51.440000,4528.32,0.064,sell,123971189,289.81248
2025-09-15T21:56:55.564000,4528.79,0.011,buy,123971259,49.81669
2025-09-15T21:56:58.339000,4527.91,4.0541,sell,123971326,18356.599931
2025-09-15T21:57:00.969000,4528.67,0.0424,buy,123971377,192.015608
2025-09-15T21:57:03.974000,4528.37,0.407,sell,123971451,1843.04659
2025-09-15T21:57:06.979000,4528.42,0.0124,sell,123971514,56.152408
2025-09-15T21:57:10.383000,4528.32,0.0131,sell,123971601,59.320992
2025-09-15T21:57:12.992000,4527.91,0.0137,buy,123971684,62.032367
2025-09-15T21:57:15.658000,4526.88,0.2459,sell,123971740,1113.159792
2025-09-15T21:57:18,4526.68,0.0137,sell,123971815,62.015516
2025-09-15T21:57:22.005000,4527.01,0.0011,buy,123971915,4.979711
2025-09-15T21:57:23.729000,4526.68,0.0016,sell,123971950,7.242688
2025-09-15T21:57:27.014000,4526.69,0.0976,sell,123972044,441.804944
2025-09-15T21:57:30.648000,4525.37,0.5552,sell,123972163,2512.485424
2025-09-15T21:57:33.025000,4525.98,0.2899,buy,123972223,1312.081602
2025-09-15T21:57:36.029000,4525.66,0.5001,sell,123972321,2263.282566
2025-09-15T21:57:39.557000,4525.11,0.3268,sell,123972406,1478.805948
2025-09-15T21:57:42.039000,4524.18,0.0107,buy,123972478,48.408726
2025-09-15T21:57:44.701000,4525.12,0.2899,buy,123972547,1311.832288
2025-09-15T21:57:47.634000,4524.79,0.2899,sell,123972596,1311.736621
2025-09-15T21:57:51.054000,4525.03,0.0003,buy,123972682,1.357509
2025-09-15T21:57:53.645000,4524.78,0.0016,sell,123972746,7.239648
2025-09-15T21:57:56.059000,4524.76,0.017,sell,123972826,76.92092
2025-09-15T21:57:59.710000,4525.11,0.4421,sell,123972913,2000.551131
2025-09-15T21:58:01.065000,4525.36,0.0192,buy,123972951,86.886912
2025-09-15T21:58:04.069000,4525.06,0.0139,sell,123973024,62.898334
