timestamp,price,size,side,trade_id,usd_amount
2025-09-15T22:56:14.175000,115300.6,0.00215,buy,123888336,247.89629
2025-09-15T22:56:17.180000,115302.8,1e-05,sell,123888400,1.153028
2025-09-15T23:04:52.080000,115308.6,8e-05,buy,123900490,9.224688
2025-09-15T23:04:55.086000,115306.5,0.00045,sell,123900548,51.887925
2025-09-15T23:04:56.626000,115311.5,0.00144,buy,123900578,166.04856
2025-09-15T23:05:00.659000,115306.5,0.00047,sell,123900643,54.194055
2025-09-15T23:05:03.099000,115306.5,0.00071,sell,123900702,81.867615
2025-09-15T23:05:05.989000,115309.2,0.00043,buy,123900777,49.582956
2025-09-15T23:05:07.105000,115306.5,0.00127,sell,123900804,146.439255
2025-09-15T23:05:10.109000,115314.9,0.00174,buy,123900884,200.647926
2025-09-15T23:05:13.556000,115307.3,0.00041,sell,123900958,47.275993
2025-09-15T23:05:15.879000,115309.7,2e-05,buy,123901006,2.306194
2025-09-15T23:05:18.701000,115314.9,0.00171,buy,123901049,197.188479
2025-09-15T23:05:19.654000,115312.4,0.00174,buy,123901060,200.643576
2025-09-15T23:05:23.955000,115310.4,0.00035,sell,123901110,40.35864
2025-09-15T23:05:26.134000,115308.7,0.00035,sell,123901186,40.358045
2025-09-15T23:06:22.972000,115315.4,0.00174,buy,123902442,200.648796
2025-09-15T23:06:26.209000,115314.0,0.00035,sell,123902523,40.3599
2025-09-15T23:06:28.986000,115314.0,0.0193,sell,123902585,2225.5602
2025-09-15T23:06:31.865000,115314.0,0.00043,sell,123902642,49.58502
2025-09-15T23:06:34.674000,115315.7,0.00139,buy,123902699,160.288823
2025-09-15T23:07:41.339000,115286.2,0.00162,sell,123904252,186.763644
2025-09-15T23:07:43.922000,115287.9,0.00174,buy,123904300,200.600946
2025-09-15T23:07:46.916000,115285.4,0.00139,sell,123904369,160.246706
2025-09-15T23:07:50.124000,115286.2,0.00043,sell,123904437,49.573066
2025-09-15T23:07:52.357000,115290.5,0.0014,buy,123904484,161.4067
2025-09-15T23:12:20.789000,115343.3,0.00408,buy,123910483,470.600664
2025-09-15T23:12:24.061000,115340.1,0.00035,sell,123910529,40.369035
2025-09-15T23:12:26.525000,115340.0,0.00035,sell,123910581,40.369
2025-09-15T23:12:29.800000,115341.8,0.00043,buy,123910640,49.596974
2025-09-15T23:12:33.136000,115340.0,0.01578,sell,123910700,1820.0652
2025-09-15T23:12:36.190000,115341.4,0.00174,sell,123910777,200.694036
2025-09-15T23:12:38.465000,115343.2,0.00445,buy,123910840,513.27724
2025-09-15T23:12:42.160000,115342.6,0.00607,buy,123910921,700.129582
2025-09-15T23:12:43.819000,115339.9,0.04,sell,123910959,4613.596
2025-09-15T23:12:47.326000,115342.4,0.00043,buy,123911037,49.597232
2025-09-15T23:12:51.280000,115339.8,0.00633,sell,123911120,730.100934
2025-09-15T23:12:54.246000,115343.2,0.00868,buy,123911177,1001.178976
2025-09-15T23:12:56.530000,115340.4,0.00035,sell,123911222,40.36914
2025-09-15T23:13:00.399000,115341.7,0.00069,sell,123911310,79.585773
2025-09-15T23:13:02.845000,115339.9,0.00174,sell,123911366,200.691426
2025-09-15T23:13:06.320000,115342.5,0.00035,buy,123911438,40.369875
2025-09-15T23:13:08.850000,115339.6,0.00011,sell,123911512,12.687356
2025-09-15T23:13:11.369000,115342.7,0.00043,buy,123911561,49.597361
2025-09-15T23:13:14.857000,115350.7,0.00224,buy,123911650,258.385568
2025-09-15T23:13:17.864000,115345.5,1e-05,buy,123911729,1.153455
2025-09-15T23:13:20.430000,115345.4,0.001,sell,123911784,115.3454
2025-09-15T23:13:23.870000,115342.2,0.00035,sell,123911848,40.36977
2025-09-15T23:13:26.389000,115342.2,0.00035,sell,123911896,40.36977
2025-09-15T23:13:30.259000,115345.2,0.00069,sell,123911969,79.588188
2025-09-15T23:13:32.884000,115348.9,0.00154,buy,123912025,177.637306
2025-09-15T23:13:36.540000,115349.0,0.00035,buy,123912089,40.37215
2025-09-15T23:13:38.893000,115346.3,0.00174,sell,123912151,200.702562
2025-09-15T23:13:41.899000,115348.5,0.00043,buy,123912209,49.599855
2025-09-15T23:13:45.355000,115351.2,0.05,sell,123912281,5767.56
2025-09-15T23:13:48.469000,115353.2,2e-05,buy,123912345,2.307064
2025-09-15T23:13:50.910000,115350.3,0.00071,sell,123912417,81.898713
2025-09-15T23:13:53.914000,115347.2,0.00035,sell,123912467,40.37152
2025-09-15T23:13:56.920000,115349.7,0.00648,sell,123912523,747.466056
2025-09-15T23:14:00.285000,115350.9,0.00069,sell,123912575,79.592121
2025-09-15T23:14:03.605000,115345.4,0.08562,sell,123912672,9875.873148
2025-09-15T23:14:06.280000,115352.3,0.00035,buy,123912746,40.373305
2025-09-15T23:14:08.934000,115348.8,0.00079,sell,123912818,91.125552
2025-09-15T23:14:11.938000,115350.3,0.00043,sell,123912896,49.600629
2025-09-15T23:14:14.941000,115352.9,0.00174,buy,123912948,200.714046
2025-09-15T23:14:18.584000,115341.4,0.08018,sell,123913022,9248.073452
2025-09-15T23:14:21.468000,115343.0,0.00247,buy,123913095,284.89721
2025-09-15T23:14:23.953000,115339.4,0.00255,sell,123913152,294.11547
2025-09-15T23:14:27.400000,115342.9,0.01721,buy,123913234,1985.051309
2025-09-15T23:14:30.247000,115339.4,0.00069,sell,123913288,79.584186
2025-09-15T23:14:33.491000,115349.4,0.00893,buy,123913363,1030.070142
2025-09-15T23:14:36.490000,115345.5,0.00035,buy,123913436,40.370925
2025-09-15T23:14:39.389000,115341.1,0.00132,sell,123913505,152.250252
2025-09-15T23:14:42.754000,115340.1,0.00174,sell,123913569,200.691774
2025-09-15T23:14:45.980000,115344.8,0.00208,buy,123913639,239.917184
2025-09-15T23:14:47.990000,115346.1,0.00043,buy,123913685,49.598823
2025-09-15T23:14:51.542000,115341.8,0.23548,sell,123913754,27160.687064
2025-09-15T23:14:54.378000,115319.4,0.01418,buy,123913825,1635.229092
2025-09-15T23:14:57.726000,115299.7,0.19454,sell,123913914,22430.403638
2025-09-15T23:15:00.412000,115306.9,0.00069,sell,123913971,79.561761
2025-09-15T23:15:03.995000,115298.6,0.00035,buy,123914069,40.35451
2025-09-15T23:15:07.010000,115293.5,0.00054,sell,123914159,62.25849
2025-09-15T23:15:09.704000,115296.7,0.00043,buy,123914224,49.577581
2025-09-15T23:15:12.866000,115304.3,0.001,buy,123914297,115.3043
2025-09-15T23:15:15.844000,115330.5,0.00043,buy,123914399,49.592115
2025-09-15T23:15:19.024000,115360.2,0.00392,sell,123914495,452.211984
2025-09-15T23:15:21.885000,115378.9,0.09514,sell,123914585,10977.148546
2025-09-15T23:15:25.041000,115383.1,0.0058,sell,123914685,669.22198
2025-09-15T23:15:26.370000,115385.0,0.00214,sell,123914723,246.9239
2025-09-15T23:15:30.479000,115379.6,0.00069,sell,123914818,79.611924
2025-09-15T23:15:33.880000,115377.1,0.00035,sell,123914904,40.381985
2025-09-15T23:15:36.516000,115382.0,0.00035,buy,123914963,40.3837
2025-09-15T23:15:37.058000,115377.4,0.01361,sell,123914982,1570.286414
2025-09-15T23:15:42.769000,115380.6,0.00069,sell,123915107,79.612614
2025-09-15T23:15:45.734000,115377.0,0.00174,sell,123915162,200.75598
2025-09-15T23:15:49.083000,115378.3,0.00159,sell,123915228,183.451497
2025-09-15T23:15:51.085000,115376.9,0.00249,sell,123915270,287.288481
2025-09-15T23:15:55.038000,115377.7,0.00035,sell,123915329,40.382195
2025-09-15T23:15:56.095000,115375.4,0.00174,sell,123915361,200.753196
2025-09-15T23:16:00.479000,115375.4,0.00069,sell,123915456,79.609026
2025-09-15T23:16:04.045000,115377.9,0.00035,buy,123915554,40.382265
2025-09-15T23:16:06.748000,115376.7,0.04869,buy,123915627,5617.691523
2025-09-15T23:16:09.623000,115376.2,0.00152,sell,123915696,175.371824
2025-09-15T23:16:12.689000,115375.1,0.01394,sell,123915753,1608.328894
2025-09-15T23:16:15.767000,115380.2,0.00208,buy,123915815,239.990816
2025-09-15T23:16:19.153000,115380.8,0.04664,buy,123915891,5381.360512
2025-09-15T23:16:22.156000,115382.8,0.00047,buy,123915945,54.229916
2025-09-15T23:16:25.159000,115379.4,0.00035,sell,123916004,40.38279
2025-09-15T23:16:28.164000,115380.2,3.72,sell,123916065,429214.344
2025-09-15T23:16:31.599000,115381.3,0.00258,buy,123916130,297.683754
2025-09-15T23:16:34.175000,115380.4,0.00035,buy,123916189,40.38314
2025-09-15T23:16:37.180000,115379.8,3.72,buy,123916284,429212.856
2025-09-15T23:16:40.185000,115377.5,0.01662,sell,123916356,1917.57405
2025-09-15T23:16:43.620000,115400.0,1e-05,buy,123916445,1.154
2025-09-15T23:16:46.195000,115401.3,0.00087,buy,123916499,100.399131
2025-09-15T23:16:48.915000,115401.3,0.00206,sell,123916545,237.726678
2025-09-15T23:16:52.205000,115402.8,0.00272,buy,123916607,313.895616
2025-09-15T23:16:55.208000,115398.4,0.04987,sell,123916671,5754.918208
2025-09-15T23:16:58.130000,115404.6,0.00043,buy,123916722,49.623978
2025-09-15T23:17:00.214000,115410.4,0.01284,sell,123916778,1481.869536
2025-09-15T23:17:04.221000,115405.1,0.04275,sell,123916855,4933.568025
2025-09-15T23:17:07.440000,115412.4,0.0002,buy,123916940,23.08248
2025-09-15T23:17:09.232000,115415.5,3.72,buy,123916988,429345.66
2025-09-15T23:17:13.686000,115415.9,1e-05,buy,123917087,1.154159
2025-09-15T23:17:16.802000,115410.2,0.00139,sell,123917136,160.420178
2025-09-15T23:17:19.755000,115408.6,0.05012,sell,123917193,5784.279032
2025-09-15T23:17:21.634000,115407.6,0.05011,sell,123917229,5783.074836
2025-09-15T23:17:25.261000,115411.8,0.00043,buy,123917302,49.627074
2025-09-15T23:17:28.264000,115407.3,0.04408,sell,123917352,5087.153784
2025-09-15T23:17:31.863000,115412.1,0.0005,buy,123917426,57.70605
2025-09-15T23:17:34.730000,115425.5,0.00114,buy,123917483,131.58507
2025-09-15T23:17:37.691000,115431.6,0.07079,buy,123917574,8171.402964
2025-09-15T23:17:40.281000,115432.1,0.001,buy,123917644,115.4321
2025-09-15T23:17:43.801000,115436.2,1e-05,buy,123917722,1.154362
2025-09-15T23:17:46.895000,115433.5,3e-05,sell,123917796,3.463005
2025-09-15T23:17:49.750000,115437.6,0.00067,buy,123917847,77.343192
2025-09-15T23:17:52.786000,115445.5,0.0007,sell,123917906,80.81185
2025-09-15T23:17:55.006000,115447.3,0.00035,sell,123917935,40.406555
2025-09-15T23:17:57.706000,115453.5,0.41045,buy,123917991,47387.889075
2025-09-15T23:18:00.525000,115453.4,0.07244,buy,123918053,8363.444296
2025-09-15T23:18:04.924000,115454.2,0.00139,buy,123918130,160.481338
2025-09-15T23:18:07.311000,115454.3,0.04559,buy,123918194,5263.561537
2025-09-15T23:18:09.800000,115454.3,0.01432,buy,123918247,1653.305576
2025-09-15T23:18:13.781000,115454.2,1e-05,buy,123918376,1.154542
2025-09-15T23:18:16.834000,115452.0,0.00139,sell,123918446,160.47828
2025-09-15T23:18:19.331000,115452.8,0.00043,sell,123918519,49.644704
2025-09-15T23:18:25.845000,115455.6,0.01673,buy,123918620,1931.572188
2025-09-15T23:18:28.345000,115451.7,0.00174,sell,123918680,200.885958
2025-09-15T23:18:30.348000,115453.4,0.00069,sell,123918712,79.662846
2025-09-15T23:18:35.355000,115466.4,0.00035,buy,123918812,40.41324
2025-09-15T23:18:38.022000,115447.1,0.07998,sell,123918878,9233.459058
2025-09-15T23:18:41.340000,115447.3,0.01732,buy,123918973,1999.547236
2025-09-15T23:18:44.096000,115446.3,0.00154,sell,123919039,177.787302
2025-09-15T23:18:47.026000,115451.5,0.00139,sell,123919087,160.477585
2025-09-15T23:18:48.998000,115451.7,0.00208,sell,123919120,240.139536
2025-09-15T23:18:51.374000,115459.5,0.04999,buy,123919172,5771.820405
2025-09-15T23:18:56.353000,115455.4,0.00197,buy,123919260,227.447138
2025-09-15T23:18:59.393000,115457.8,1e-05,buy,123919328,1.154578
2025-09-15T23:19:02.398000,115451.8,0.00055,sell,123919377,63.49849
2025-09-15T23:19:05.404000,115452.0,0.00174,sell,123919452,200.88648
2025-09-15T23:19:08.119000,115445.5,0.00087,buy,123919521,100.437585
2025-09-15T23:19:10.410000,115445.6,0.00207,buy,123919565,238.972392
2025-09-15T23:19:14.773000,115435.8,0.09784,sell,123919668,11294.238672
2025-09-15T23:19:17.419000,115442.8,0.00423,buy,123919729,488.323044
2025-09-15T23:19:19.935000,115433.7,0.20384,sell,123919782,23530.005408
2025-09-15T23:19:22.405000,115436.1,0.00174,sell,123919820,200.858814
2025-09-15T23:19:26.825000,115439.8,0.00061,buy,123919935,70.418278
2025-09-15T21:22:01.250000,115467.0,0.00866,buy,123923256,999.94422
2025-09-15T21:22:04.664000,115467.8,0.00139,buy,123923326,160.500242
2025-09-15T21:22:08.270000,115469.7,0.00301,buy,123923422,347.563797
2025-09-15T21:22:11.673000,115461.1,0.04284,sell,123923509,4946.353524
2025-09-15T21:22:14.675000,115468.0,0.02,buy,123923584,2309.36
2025-09-15T21:22:17.135000,115466.4,0.00043,sell,123923636,49.650552
2025-09-15T21:22:18.682000,115466.5,0.00208,sell,123923662,240.17032
2025-09-15T21:22:24.689000,115475.6,0.0065,buy,123923813,750.5914
2025-09-15T21:22:27.567000,115477.9,0.05002,sell,123923900,5776.204558
2025-09-15T21:22:31.338000,115473.6,0.00056,sell,123923980,64.665216
2025-09-15T21:22:34.705000,115479.3,0.00139,buy,123924049,160.516227
2025-09-15T21:22:37.710000,115475.8,0.001,sell,123924136,115.4758
2025-09-15T21:22:41.228000,115478.9,0.00066,sell,123924212,76.216074
2025-09-15T21:22:45.522000,115479.2,0.00208,buy,123924285,240.196736
2025-09-15T21:22:48.725000,115475.9,0.00147,sell,123924339,169.749573
2025-09-15T21:22:51.200000,115481.1,0.00043,buy,123924412,49.656873
2025-09-15T21:22:56.154000,115476.2,0.00035,sell,123924533,40.41667
2025-09-15T21:22:58.740000,115478.6,0.0026,sell,123924601,300.24436
2025-09-15T21:23:02.745000,115483.3,0.00174,buy,123924698,200.940942
2025-09-15T21:23:06.748000,115483.3,0.029,sell,123924797,3349.0157
2025-09-15T21:23:08.751000,115482.6,0.1,buy,123924869,11548.26
2025-09-15T21:23:13.346000,115481.1,0.00041,sell,123924968,47.347251
2025-09-15T21:23:16.761000,115481.1,0.00139,sell,123925063,160.518729
2025-09-15T21:23:19.465000,115479.5,0.19629,sell,123925126,22667.471055
2025-09-15T21:23:21.777000,115484.9,0.001,buy,123925169,115.4849
2025-09-15T21:26:22.054000,115457.9,0.001,sell,123929199,115.4579
2025-09-15T21:26:26.589000,115459.5,0.00054,buy,123929287,62.34813
2025-09-15T21:26:30.809000,115458.2,0.00069,sell,123929370,79.666158
2025-09-15T21:26:34.647000,115460.2,0.00139,buy,123929466,160.489678
2025-09-15T21:26:37.850000,115461.3,0.38925,buy,123929563,44943.311025
2025-09-15T21:26:38.779000,115461.2,0.00174,buy,123929581,200.902488
2025-09-15T21:26:44.091000,115453.9,0.001,sell,123929694,115.4539
2025-09-15T21:26:47.781000,115437.3,0.019,sell,123929763,2193.3087
2025-09-15T21:26:50.625000,115436.1,0.00232,sell,123929829,267.811752
2025-09-15T21:26:54.107000,115436.5,0.00248,buy,123929878,286.28252
2025-09-15T21:26:56.111000,115434.3,0.00035,sell,123929922,40.402005
2025-09-15T21:27:00.573000,115436.0,0.00069,sell,123930022,79.65084
2025-09-15T21:27:02.677000,115437.1,0.00195,buy,123930080,225.102345
2025-09-15T21:27:06.679000,115435.6,0.00051,sell,123930173,58.872156
2025-09-15T21:27:09.133000,115433.7,0.00101,sell,123930220,116.588037
2025-09-15T21:27:13.789000,115433.2,0.00065,sell,123930313,75.03158
2025-09-15T21:27:16.815000,115433.1,0.00068,sell,123930377,78.494508
2025-09-15T21:27:19.147000,115434.4,0.00049,sell,123930433,56.562856
2025-09-15T21:27:22.152000,115436.4,3.72,sell,123930480,429423.408
2025-09-15T21:27:26.157000,115436.3,0.00035,sell,123930553,40.402705
2025-09-15T21:27:29.818000,115433.1,0.00043,sell,123930635,49.636233
2025-09-15T21:27:30.705000,115433.1,0.00069,sell,123930646,79.648839
2025-09-15T21:27:35.870000,115432.6,0.00043,sell,123930767,49.636018
2025-09-15T21:27:39.177000,115438.3,0.01314,buy,123930846,1516.859262
2025-09-15T21:27:42.850000,115433.4,0.01394,sell,123930956,1609.141596
2025-09-15T21:27:45.685000,115448.9,0.00208,buy,123931033,240.133712
2025-09-15T21:27:49.200000,115432.6,0.02086,sell,123931126,2407.924036
2025-09-15T21:38:45.273000,115435.6,0.00043,sell,123945250,49.637308
2025-09-15T21:38:48.277000,115436.9,0.00071,buy,123945313,81.960199
2025-09-15T21:38:50.625000,115450.4,0.00174,buy,123945365,200.883696
2025-09-15T21:38:54.282000,115431.0,0.0004,sell,123945443,46.1724
2025-09-15T21:38:56.285000,115431.4,0.00035,sell,123945480,40.40099
2025-09-15T21:39:00.293000,115431.3,0.00028,sell,123945585,32.320764
2025-09-15T21:39:02.298000,115431.6,0.00052,sell,123945642,60.024432
2025-09-15T21:39:06.303000,115440.3,0.00035,buy,123945725,40.404105
2025-09-15T21:39:08.305000,115438.1,0.00193,buy,123945751,222.795533
2025-09-15T21:39:16.869000,115436.7,0.00139,sell,123945948,160.457013
2025-09-15T21:39:19.322000,115437.1,0.00027,sell,123946026,31.168017
2025-09-15T21:39:22.327000,115432.9,0.00174,sell,123946079,200.853246
2025-09-15T21:39:25.332000,115440.5,0.00106,buy,123946143,122.36693
2025-09-15T21:39:28.337000,115442.2,0.72817,buy,123946215,84061.546774
2025-09-15T21:39:30.339000,115435.0,0.00049,sell,123946253,56.56315
2025-09-15T21:39:34.342000,115441.9,0.03393,buy,123946357,3916.943667
2025-09-15T21:39:37.346000,115442.8,0.0005,buy,123946428,57.7214
2025-09-15T21:39:39.965000,115437.6,0.04065,sell,123946488,4692.53844
2025-09-15T21:39:43.357000,115437.7,0.00099,sell,123946562,114.283323
2025-09-15T21:39:45.937000,115441.1,0.00208,buy,123946609,240.117488
2025-09-15T21:39:49.049000,115435.5,0.00138,sell,123946659,159.30099
2025-09-15T21:39:51.992000,115435.6,0.00043,sell,123946721,49.637308
2025-09-15T21:39:55.024000,115435.2,0.00035,sell,123946785,40.40232
2025-09-15T21:39:56.377000,115435.6,0.00035,sell,123946806,40.40246
2025-09-15T21:40:00.814000,115431.6,1.3284,sell,123946938,153339.33744
2025-09-15T21:40:03.386000,115445.4,0.00174,buy,123947025,200.874996
2025-09-15T21:40:06.884000,115444.6,0.00075,buy,123947127,86.58345
2025-09-15T21:40:08.393000,115441.3,0.001,sell,123947164,115.4413
2025-09-15T21:40:12.399000,115447.4,0.05711,sell,123947252,6593.201014
2025-09-15T21:40:14.017000,115447.6,0.00028,sell,123947283,32.325328
2025-09-15T21:40:17.054000,115447.9,0.00139,sell,123947336,160.472581
2025-09-15T21:40:20.913000,115453.7,0.00174,buy,123947401,200.889438
2025-09-15T21:40:24.094000,115455.4,0.001,buy,123947463,115.4554
2025-09-15T21:40:27.063000,115450.3,2e-05,sell,123947541,2.309006
2025-09-15T21:40:29.428000,115453.7,0.00174,buy,123947583,200.889438
2025-09-15T21:40:31.936000,115450.3,0.001,sell,123947645,115.4503
2025-09-15T21:40:35.438000,115453.9,0.00035,buy,123947727,40.408865
2025-09-15T21:40:38.443000,115452.3,0.14063,buy,123947788,16236.056949
2025-09-15T21:40:40.115000,115459.9,0.00174,buy,123947831,200.900226
2025-09-15T21:40:43.993000,115458.3,1e-05,buy,123947912,1.154583
2025-09-15T21:40:47.074000,115456.9,0.001,buy,123947986,115.4569
2025-09-15T21:40:50.460000,115465.0,2.04975,buy,123948099,236674.38375
2025-09-15T21:40:53.466000,115457.1,0.00043,sell,123948155,49.646553
2025-09-15T21:40:56.238000,115461.4,0.04346,buy,123948204,5017.952444
2025-09-15T21:40:58.474000,115459.1,0.0031,sell,123948265,357.92321
2025-09-15T21:41:02.480000,115460.8,0.00072,buy,123948368,83.131776
2025-09-15T21:41:05.110000,115463.6,0.00164,buy,123948455,189.360304
2025-09-15T21:41:07.487000,115461.8,0.00174,buy,123948515,200.903532
2025-09-15T21:41:10.491000,115462.8,0.00342,buy,123948621,394.882776
2025-09-15T21:41:13.999000,115458.2,0.00043,sell,123948694,49.647026
2025-09-15T21:41:17.061000,115455.7,0.00139,sell,123948791,160.483423
2025-09-15T21:41:19.500000,115455.4,0.001,sell,123948858,115.4554
2025-09-15T21:41:21.502000,115460.5,0.00043,buy,123948896,49.648015
2025-09-15T21:41:25.265000,115457.7,0.00035,sell,123948969,40.410195
2025-09-15T21:41:28.512000,115457.9,0.00174,sell,123949078,200.896746
2025-09-15T21:41:31.078000,115456.6,0.00728,sell,123949150,840.524048
2025-09-15T21:41:34.521000,115459.9,0.00098,buy,123949235,113.150702
2025-09-15T21:41:37.183000,115459.1,0.00093,sell,123949309,107.376963
2025-09-15T21:41:39.529000,115461.1,0.00043,buy,123949362,49.648273
2025-09-15T21:41:43.533000,115463.1,0.00083,buy,123949456,95.834373
2025-09-15T21:41:46.179000,115461.0,0.00854,buy,123949517,986.03694
2025-09-15T21:41:49.106000,115457.3,0.00208,sell,123949584,240.151184
2025-09-15T21:41:52.239000,115459.0,0.00388,sell,123949644,447.98092
2025-09-15T21:41:55.239000,115458.9,0.00014,sell,123949700,16.164246
2025-09-15T21:41:56.230000,115457.0,0.00035,sell,123949726,40.40995
2025-09-15T21:42:00.559000,115458.1,0.00069,sell,123949816,79.666089
2025-09-15T21:42:03.123000,115459.0,0.00016,sell,123949899,18.47344
2025-09-15T21:42:06.570000,115461.8,0.00035,buy,123949979,40.41163
2025-09-15T21:42:09.574000,115461.5,0.00174,buy,123950061,200.90301
2025-09-15T21:42:12.235000,115458.6,0.00304,sell,123950123,350.994144
2025-09-15T21:42:15.591000,115463.7,0.00078,buy,123950187,90.061686
2025-09-15T21:42:17.124000,115458.1,0.00139,sell,123950232,160.486759
2025-09-15T21:42:20.956000,115467.1,0.02238,buy,123950319,2584.153698
2025-09-15T21:42:24.450000,115476.6,0.001,buy,123950443,115.4766
2025-09-15T21:42:27.560000,115485.7,0.88096,buy,123950551,101738.282272
2025-09-15T21:42:30.544000,115479.0,0.00069,sell,123950657,79.68051
2025-09-15T21:42:32.616000,115478.6,0.00099,sell,123950723,114.323814
2025-09-15T21:42:36.055000,115485.6,0.00174,buy,123950829,200.944944
2025-09-15T21:42:38.623000,115483.3,0.0002,sell,123950894,23.09666
2025-09-15T21:42:41.626000,115485.6,0.00043,buy,123950952,49.658808
2025-09-15T21:42:43.628000,115478.2,0.05,sell,123951009,5773.91
2025-09-15T21:42:47.633000,115485.6,0.00099,buy,123951087,114.330744
2025-09-15T21:42:48.738000,115480.7,0.00208,sell,123951105,240.199856
2025-09-15T21:42:52.637000,115478.8,0.04967,sell,123951178,5735.831996
2025-09-15T21:42:56.335000,115479.8,0.00099,sell,123951259,114.325002
2025-09-15T21:42:59.094000,115484.7,0.00043,buy,123951309,49.658421
2025-09-15T21:43:01.650000,115484.5,0.00043,buy,123951350,49.658335
2025-09-15T21:43:05.656000,115487.0,0.00035,buy,123951456,40.42045
2025-09-15T21:43:07.659000,115483.0,0.00174,sell,123951515,200.94042
2025-09-15T21:43:10.664000,115476.3,0.52746,sell,123951586,60909.129198
2025-09-15T21:43:14,115482.5,0.01616,sell,123951677,1866.1972
2025-09-15T21:43:17.278000,115483.1,0.00139,sell,123951753,160.521509
2025-09-15T21:43:20.171000,115483.3,0.00166,sell,123951840,191.702278
2025-09-15T21:43:21.197000,115483.5,0.00447,sell,123951861,516.211245
2025-09-15T21:43:26.102000,115481.8,0.00035,sell,123951964,40.41863
2025-09-15T21:51:15.416000,115490.3,0.00054,sell,123963220,62.364762
2025-09-15T21:51:18.815000,115489.8,0.00208,sell,123963284,240.218784
2025-09-15T21:51:21.433000,115493.3,0.00337,buy,123963374,389.212421
2025-09-15T21:51:24.438000,115490.6,0.0014,sell,123963455,161.68684
2025-09-15T21:51:26.442000,115494.6,0.00099,buy,123963517,114.339654
2025-09-15T21:51:30.332000,115491.8,0.00069,sell,123963610,79.689342
2025-09-15T21:51:32.462000,115494.5,0.00021,buy,123963673,24.253845
2025-09-15T21:51:35.934000,115494.5,0.01,buy,123963761,1154.945
2025-09-15T21:51:38.834000,115495.0,0.00012,buy,123963827,13.8594
2025-09-15T21:51:42.045000,115497.6,0.00608,buy,123963910,702.225408
2025-09-15T21:51:44.477000,115494.1,0.00012,sell,123963979,13.859292
2025-09-15T21:51:46.921000,115494.1,0.00139,sell,123964025,160.536799
2025-09-15T21:51:50.490000,115497.4,0.05006,buy,123964118,5781.799844
2025-09-15T21:51:53.494000,115497.4,0.00022,buy,123964164,25.409428
2025-09-15T21:51:56.160000,115494.2,0.00035,sell,123964224,40.42297
2025-09-15T21:51:59.505000,115496.1,0.00099,sell,123964297,114.341139
2025-09-15T21:52:01.507000,115496.3,0.00043,sell,123964354,49.663409
2025-09-15T21:52:04.509000,115498.6,0.00174,buy,123964426,200.967564
2025-09-15T21:52:07.514000,115497.3,0.00263,sell,123964489,303.757899
2025-09-15T21:52:10.256000,115496.0,0.00253,sell,123964576,292.20488
2025-09-15T21:52:13.520000,115498.4,1e-05,buy,123964633,1.154984
2025-09-15T21:52:16.108000,115498.5,0.00043,buy,123964685,49.664355
2025-09-15T21:52:19.530000,115498.5,0.00032,buy,123964737,36.95952
2025-09-15T21:52:22.535000,115497.1,0.00624,sell,123964778,720.701904
2025-09-15T21:52:25.100000,115496.8,0.00035,sell,123964823,40.42388
2025-09-15T21:52:28.543000,115496.7,0.00021,sell,123964925,24.254307
2025-09-15T21:52:31.080000,115498.0,0.00049,buy,123964987,56.59402
2025-09-15T21:52:34.210000,115498.4,0.00035,buy,123965067,40.42444
2025-09-15T21:52:36.552000,115498.5,0.0014,buy,123965161,161.6979
2025-09-15T21:52:39.558000,115497.6,0.00099,buy,123965245,114.342624
2025-09-15T21:52:42.022000,115494.2,0.00066,sell,123965304,76.226172
2025-09-15T21:52:45.573000,115495.4,0.00807,buy,123965372,932.047878
2025-09-15T21:52:48.579000,115495.4,0.00401,buy,123965446,463.136554
2025-09-15T21:52:51.459000,115495.4,0.00057,buy,123965520,65.832378
2025-09-15T21:52:54.480000,115495.2,0.00013,buy,123965583,15.014376
2025-09-15T21:52:56.120000,115493.7,0.00035,sell,123965618,40.422795
2025-09-15T21:53:00.504000,115494.3,0.00069,sell,123965720,79.691067
2025-09-15T21:53:03.207000,115492.6,2e-05,sell,123965792,2.309852
2025-09-15T21:53:05.470000,115495.2,0.00035,buy,123965842,40.42332
2025-09-15T21:53:09.174000,115494.5,0.00012,buy,123965946,13.85934
2025-09-15T21:53:11.308000,115494.4,0.00048,buy,123965988,55.437312
2025-09-15T21:53:14.620000,115493.9,0.00026,buy,123966060,30.028414
2025-09-15T21:53:17.173000,115493.4,0.00139,sell,123966124,160.535826
2025-09-15T21:53:19.839000,115498.0,0.00191,buy,123966179,220.60118
2025-09-15T21:53:23.234000,115497.7,0.00126,buy,123966231,145.527102
2025-09-15T21:53:26.219000,115495.4,0.00035,sell,123966284,40.42339
2025-09-15T21:53:29.310000,115498.3,0.00063,buy,123966330,72.763929
2025-09-15T21:53:31.149000,115495.3,0.00174,sell,123966389,200.961822
2025-09-15T21:53:35.230000,115498.5,0.99992,buy,123966493,115489.26012
2025-09-15T21:53:38.076000,115495.8,0.00128,sell,123966563,147.834624
2025-09-15T21:53:40.658000,115492.9,0.00079,buy,123966638,91.239391
2025-09-15T21:53:43.674000,115492.7,0.00043,sell,123966713,49.661861
2025-09-15T21:53:46.680000,115498.6,0.00146,buy,123966791,168.627956
2025-09-15T21:53:49.684000,115496.4,0.00032,buy,123966841,36.958848
2025-09-15T21:53:52.688000,115492.7,0.00032,sell,123966904,36.957664
2025-09-15T21:53:55.191000,115492.7,0.00035,sell,123966966,40.422445
2025-09-15T21:53:58.395000,115493.6,0.00021,sell,123967041,24.253656
2025-09-15T21:54:01.213000,115495.5,0.00043,buy,123967118,49.663065
2025-09-15T21:54:04.210000,115501.5,2e-05,sell,123967189,2.31003
2025-09-15T21:54:07.386000,115497.1,0.00125,sell,123967269,144.371375
2025-09-15T21:54:09.709000,115501.8,0.00014,buy,123967329,16.170252
2025-09-15T21:54:12.712000,115501.8,0.0261,buy,123967399,3014.59698
2025-09-15T21:54:15.718000,115500.9,0.00208,buy,123967462,240.241872
2025-09-15T21:54:18.724000,115498.6,0.00101,sell,123967535,116.653586
2025-09-15T21:54:21.643000,115502.6,0.00263,buy,123967593,303.771838
2025-09-15T21:54:24.736000,115502.1,0.00013,buy,123967653,15.015273
2025-09-15T21:54:27.229000,115499.0,0.0114,sell,123967706,1316.6886
2025-09-15T21:54:30.338000,115496.4,0.00048,sell,123967774,55.438272
2025-09-15T21:54:33.520000,115499.8,0.00063,sell,123967840,72.764874
2025-09-15T21:54:36.376000,115501.6,0.00035,buy,123967900,40.42556
2025-09-15T21:54:38.757000,115505.1,0.01519,buy,123967974,1754.522469
2025-09-15T21:54:41.761000,115502.6,1e-05,buy,123968040,1.155026
2025-09-15T21:54:44.767000,115499.9,0.00012,sell,123968101,13.859988
2025-09-15T21:54:46.771000,115499.8,0.00102,sell,123968149,117.809796
2025-09-15T21:54:50.775000,115501.3,0.00072,sell,123968236,83.160936
2025-09-15T21:54:53.949000,115499.9,0.00035,sell,123968292,40.424965
2025-09-15T21:54:56.177000,115498.0,0.00035,sell,123968356,40.4243
2025-09-15T21:54:59.275000,115501.5,0.00063,buy,123968432,72.765945
2025-09-15T21:55:01.790000,115499.8,0.00043,sell,123968503,49.664914
2025-09-15T21:55:05.184000,115499.8,2e-05,sell,123968608,2.309996
2025-09-15T21:55:08.424000,115502.6,0.00263,sell,123968684,303.771838
2025-09-15T21:55:10.803000,115502.6,0.00103,sell,123968736,118.967678
2025-09-15T21:55:13.808000,115502.6,0.00065,sell,123968787,75.07669
2025-09-15T21:55:16.813000,115507.6,0.01837,buy,123968876,2121.874612
2025-09-15T21:55:19.818000,115502.6,0.00043,sell,123968933,49.666118
2025-09-15T21:55:22.588000,115497.2,0.00032,sell,123968981,36.959104
2025-09-15T21:55:25.829000,115497.6,0.00043,sell,123969065,49.663968
2025-09-15T21:55:28.833000,115498.7,0.00021,sell,123969123,24.254727
2025-09-15T21:55:30.838000,115499.5,0.00046,sell,123969181,53.12977
2025-09-15T21:55:34.405000,115502.4,0.00099,buy,123969251,114.347376
2025-09-15T21:55:37.410000,115497.1,0.00263,sell,123969337,303.757373
2025-09-15T21:55:39.522000,115499.6,0.00014,buy,123969404,16.169944
2025-09-15T21:55:42.856000,115497.6,0.00099,sell,123969492,114.342624
2025-09-15T21:55:45.861000,115499.6,0.0015,buy,123969565,173.2494
2025-09-15T21:55:48.844000,115497.7,0.00126,sell,123969645,145.527102
2025-09-15T21:55:51.535000,115503.0,0.00043,buy,123969699,49.66629
2025-09-15T21:55:54.870000,115496.7,0.00035,sell,123969774,40.423845
2025-09-15T21:55:57.876000,115496.7,0.00174,sell,123969855,200.964258
2025-09-15T21:56:00.311000,115496.5,0.00064,sell,123969914,73.91776
2025-09-15T21:56:03.340000,115496.4,2e-05,sell,123969985,2.309928
2025-09-15T21:56:06.330000,115500.1,0.00035,buy,123970075,40.425035
2025-09-15T21:56:09.350000,115497.0,0.00043,sell,123970168,49.66371
2025-09-15T21:56:10.294000,115499.6,0.00174,buy,123970191,200.969304
2025-09-15T21:56:15.434000,115496.2,0.00014,sell,123970315,16.169468
2025-09-15T21:56:17.902000,115502.6,0.15394,buy,123970388,17780.470244
2025-09-15T21:56:20.738000,115496.4,0.02059,sell,123970459,2378.070876
2025-09-15T21:56:23.908000,115496.6,0.00035,sell,123970548,40.42381
2025-09-15T21:56:26.506000,115496.2,0.00035,sell,123970601,40.42367
2025-09-15T21:56:29.609000,115491.0,0.0386,buy,123970676,4457.9526
2025-09-15T21:56:32.924000,115485.5,0.00021,buy,123970755,24.251955
2025-09-15T21:56:35.524000,115483.7,0.92354,sell,123970824,106653.816298
2025-09-15T21:56:38.496000,115482.5,0.00263,sell,123970878,303.718975
2025-09-15T21:56:40.937000,115482.7,0.00367,sell,123970939,423.821509
2025-09-15T21:56:44.589000,115482.9,0.00012,sell,123971003,13.857948
2025-09-15T21:56:46.836000,115489.4,0.00139,sell,123971069,160.530266
2025-09-15T21:56:49.954000,115489.3,0.00263,buy,123971147,303.736859
2025-09-15T21:56:52.963000,115484.0,0.00032,sell,123971207,36.95488
2025-09-15T21:56:56.208000,115488.3,0.00035,sell,123971270,40.420905
2025-09-15T21:56:58.934000,115488.1,0.00021,sell,123971335,24.252501
2025-09-15T21:57:00.970000,115487.0,0.00174,sell,123971385,200.94738
2025-09-15T21:57:04.538000,115490.8,0.00045,buy,123971454,51.97086
2025-09-15T21:57:07.614000,115486.9,0.00213,sell,123971522,245.987097
2025-09-15T21:57:10.383000,115498.9,0.00921,buy,123971610,1063.744869
2025-09-15T21:57:13.583000,115495.2,0.00174,buy,123971696,200.961648
2025-09-15T21:57:15.658000,115494.8,0.07101,buy,123971748,8201.285748
2025-09-15T21:57:19.069000,115492.2,1e-05,sell,123971852,1.154922
2025-09-15T21:57:21.459000,115489.4,0.01209,sell,123971910,1396.266846
2025-09-15T21:57:25.011000,115489.5,0.01834,sell,123972001,2118.07743
2025-09-15T21:57:28.016000,115489.9,0.00013,sell,123972071,15.013687
2025-09-15T21:57:30.648000,115489.5,0.00036,sell,123972151,41.57622
2025-09-15T21:57:34.026000,115492.2,0.00035,buy,123972248,40.42227
2025-09-15T21:57:36.635000,115490.1,0.00023,sell,123972333,26.562723
2025-09-15T21:57:39.461000,115491.6,0.00097,buy,123972401,112.026852
2025-09-15T21:57:42.039000,115490.1,1.0,sell,123972474,115490.1
2025-09-15T21:57:45.559000,115488.4,0.00174,sell,123972563,200.949816
2025-09-15T21:57:48.519000,115487.9,0.00126,sell,123972613,145.514754
2025-09-15T21:57:50.052000,115493.4,0.00263,buy,123972655,303.747642
2025-09-15T21:57:54.057000,115490.0,0.00035,sell,123972762,40.4215
2025-09-15T21:57:56.055000,115488.4,0.00035,sell,123972819,40.42094
2025-09-15T21:57:59.710000,115491.6,0.00043,buy,123972911,49.661388
2025-09-15T21:58:02.650000,115488.0,0.01,sell,123972996,1154.88
2025-09-15T21:58:05.648000,115488.0,0.00043,sell,123973074,49.65984
